2896 4876
612 257 838 321 -.28-

209 452 286 518 Huc
308 451 409 517 liceat
430 468 532 516 unum
554 448 635 514 illud
657 467 777 515 nomen
806 449 1006 516 adiectivum
1033 449 1221 532 adnectere,
1251 452 1339 533 quod

105 558 253 625 Iustinus
263 554 674 639 scriptorumGraecorum
687 559 721 621 ot
730 556 956 623 Romanorum
966 562 1141 639 poetarum
1153 559 1339 640 exemplum

106 669 238 733 secutus
262 683 337 731 cum
359 662 521 728 infinitivo
544 662 631 728 nudo
656 662 834 728 coniunxit.

211 772 389 842 contentus
414 769 460 854 (v.
486 767 524 836 Ο.
549 767 592 836 G.
617 770 738 851 Zumpt
771 769 921 852 „Latein
947 768 1192 851 Grammatik“,
1227 770 1341 837 Berol.

109 876 240 960 1²1865,
264 897 296 959 p.
321 877 386 941 389
410 895 471 959 sq,
496 875 571 942 adn.
596 874 641 960 3.)
666 913 709 923 —
732 875 789 941 inf.
813 894 921 958 praes.
947 895 999 958 ap.
1023 877 1107 943 lust.
1128 877 1235 942 tribus
1259 875 1343 942 locis

106 987 217 1050 exstat
241 988 275 1049 et
298 983 415 1064 quibus
437 1001 505 1049 vox
528 982 743 1065 ,contentus“
767 1001 841 1049 oum
856 982 1021 1064 particula
1038 984 1143 1066 ,11011ιι
1163 983 1343 1048 coniuncta

106 1095 171 1157 est:
197 1090 228 1172 1,
248 1100 309 1166 aa
340 1108 425 1172 ,non
448 1091 606 1155 contenta
621 1088 804 1170 adquisitos
826 1088 899 1154 viro
922 1089 1016 1170 regni
1038 1089 1196 1155 terminos
1219 1088 1343 1155 tueri“.

104 1233 149 1242 -
172 1197 247 1279 Le,
269 1207 302 1261 13
331 1196 416 1279 „iam
450 1213 516 1260 non
552 1197 727 1261 contentus
756 1194 951 1260 submovere
977 1195 1096 1261 bella“.
1120 1231 1165 1241 -
1189 1195 1249 1277 21,
1278 1207 1304 1272 5,
1324 1207 1341 1259 4

108 1321 193 1386 „non
217 1322 244 1371 c.
268 1304 302 1368 in
325 1302 455 1385 publico
477 1300 754 1385 vagari“.—inf.
778 1300 860 1382 perf.
884 1305 962 1383 post
984 1319 1100 1368 vocem
1116 1305 1150 1368 ct
1166 1301 1343 1370 affirmati·

104 1429 183 1476 vam
206 1414 240 1476 et
262 1409 454 1493 negativam
468 1409 603 1492 legitur:
629 1407 682 1488 21,
701 1418 728 1484 4,
747 1415 764 1470 5
797 1405 974 1490 „Contenti
989 1407 1103 1491 itaque
1119 1408 1341 1477 cohibuisse“.

108 1516 470 1598 29,4,11,1101111111..
495 1514 695 1582 distulisse“.
720 1550 765 1560 —
788 1514 841 1596 29,
863 1524 939 1589 1,11
966 1533 1051 1597 ,non
1075 1518 1251 1582 contentus
1279 1535 1343 1583 sua

107 1622 322 1690 defendisse“.
345 1658 390 1670 -·
413 1621 467 1703 39,
486 1631 547 1700 4,2
580 1639 659 1703 „nec
693 1619 795 1685 fllium
830 1638 931 1704 regno
961 1620 1124 1702 expulisse
1148 1625 1341 1690 contenta“.

105 1765 149 1777 -
171 1749 203 1794 v.
228 1728 367 1795 Fischer
399 1748 431 1810 p.
456 1726 510 1810 51,
529 1737 557 1794 4.
587 1762 628 1775 -
656 1726 811 1793 Pauoker
845 1747 876 1808 p.
901 1727 977 1793 337.
1000 1763 1046 1773 -
1069 1725 1175 1808 Quem
1211 1728 1343 1795 dicendi

106 1836 239 1902 modum
261 1835 387 1917 primus
408 1833 558 1900 adhibuit
581 1831 729 1914 Ovidius
754 1852 772 1898 0
795 1850 915 1914 prosae
939 1833 1098 1900 orationis
1121 1835 1341 1918 scriptoribus

106 1942 231 2024 primus
265 1941 410 2008 Velleius
444 1940 657 2022 PaterculuS,
692 1959 724 2006 v.
751 1939 811 2005 Dr.
839 1939 885 2021 H,
916 1959 948 2021 p.
976 1940 1052 2007 379.
1080 1978 1124 1987 -
1150 1941 1195 2008 K.
1223 1942 1275 2024 H,
1307 1942 1340 2022 1,

106 2068 138 2130 p.
163 2047 238 2114 506.
263 2086 308 2096 —
331 2046 492 2115 Golenski
514 2068 546 2129 p.
570 2047 624 2112 46.
648 2083 692 2093 -
714 2047 866 2128 Merguet
889 2066 920 2128 p.
938 2046 991 2112 36.
1008 2083 1052 2094 —-
1068 2046 1219 2131 Georges
1234 2068 1266 2129 p.
1284 2048 1339 2114 62.

107 2189 151 2201 -
174 2155 295 2221 Blaum
318 2175 350 2237 p.
376 2155 406 2220 8.
430 2191 475 2200 —
498 2151 597 2235 Opitz
620 2174 652 2236 p.
677 2153 735 2235 28,
771 2153 827 2235 qui
860 2153 948 2219 hano
982 2154 1261 2220 constructionem
1284 2172 1339 2235 ap.

106 2259 268 2328 Senecam
290 2260 478 2327 undevioies
502 2259 643 2326 inveniri
658 2259 746 2326 dicit.
764 2296 808 2306 -
822 2259 973 2341 Bonnell,
989 2260 1052 2326 1011.
1071 2259 1183 2342 Quint.
1201 2279 1227 2328 s.
1244 2261 1277 2328 h.
1293 2278 1339 2340 v.,

107 2368 193 2434 unde
214 2366 452 2450 Quintilianum
476 2386 605 2450 quoque
628 2385 788 2449 persaepe
812 2384 850 2432 00
874 2366 1002 2433 dicendi
1024 2367 1121 2433 modo
1145 2385 1242 2433 usum
1265 2385 1339 2433 esso

107 2479 210 2556 patet.
234 2511 279 2522 —-
300 2473 456 2541 Schinkel
478 2495 509 2557 p.
531 2474 584 2540 48.
610 2511 653 2521 —
675 2473 768 2539 Lohr
790 2493 822 2555 p.
847 2473 900 2539 68.
920 2473 971 2538 72.
996 2510 1040 2520 -
1063 2471 1226 2557 Ozensny,
1251 2473 1340 2555 quod

107 2581 260 2664 viderim,
288 2585 398 2649 vacat.
422 2619 466 2627 -
490 2581 620 2647 Thimm
646 2602 678 2663 p.
703 2580 756 2646 89.
781 2615 825 2628 -
847 2578 953 2644 Ebert
974 2599 1006 2660 p.
1031 2579 1084 2645 33.
1109 2615 1152 2626 -
1175 2578 1337 2645 Kretsch·

107 2705 207 2754 mann
240 2708 273 2770 p.
298 2688 372 2753 136.
398 2722 442 2735 -
466 2688 601 2754 Tertull.
626 2707 657 2769 p.
682 2685 736 2752 55.
772 2686 848 2752 344.
884 2685 951 2750 374
982 2685 1068 2752 infra
1103 2685 1171 2770 (inf.
1195 2684 1269 2770 pc).
1293 2723 1338 2732 —

106 2814 138 2875 p.
163 2794 227 2858 327
253 2794 321 2878 (inf.
346 2793 415 2878 pl).

106 2976 151 3053 B.
197 2972 522 3051 Accusativus
565 2969 662 3073 (vel
702 2969 914 3074 dativus)
962 2976 1008 3048 et
1052 2971 1334 3049 infinitivus

212 3114 386 3181 Nonnullis
410 3114 450 3180 de
472 3112 582 3180 verbis
605 3117 739 3195 practer
765 3112 963 3178 infinitivum
991 3112 1091 3178 etiam
1126 3113 1337 3179 accusativus

107 3239 279 3303 personae,
304 3220 344 3287 de
366 3220 482 3303 paucis
506 3220 637 3287 dativus
654 3238 833 3302 suspensus
850 3224 902 3286 est
918 3218 960 3303 (v.
978 3219 1023 3285 K.
1039 3219 1085 3301 H,
1104 3221 1134 3302 1,
1150 3240 1181 3302 p.
1199 3219 1276 3302 499,
1294 3219 1333 3302 4).

107 3327 161 3395 Ex
182 3328 234 3410 iis,
259 3347 343 3409 quae
366 3327 515 3394 omnibus
540 3327 741 3409 temporibus
764 3331 926 3408 usmpata
949 3330 1041 3407 sunt,
1070 3345 1123 3408 ap.
1146 3327 1230 3392 Iust.
1254 3327 1336 3392 haec

109 3439 255 3501 exstant:

212 3539 320 3610 iubeo.
368 3539 441 3622 Quo
464 3542 565 3607 verbo
588 3541 736 3607 Iustinus
766 3542 839 3623 plus
864 3539 960 3606 CXX
983 3540 1063 3606 locis
1086 3539 1202 3607 utitur.
1250 3539 1334 3607 Con-

108 3648 307 3729 templemur
322 3652 433 3714 autem
449 3649 599 3714 hocloco
616 3651 746 3714 tantum
762 3647 908 3714 activum
919 3647 1127 3729 infinitivum,
1143 3667 1174 3714 v.
1188 3646 1233 3713 Κ.
1246 3647 1292 3729 H,
1306 3647 1334 3726 l,

45 3790 49 3797 ·
109 3773 141 3835 p.
166 3753 243 3835 528,
269 3764 317 3836 123
348 3755 387 3821 de
410 3755 466 3821 inf.
491 3755 625 3837 passivo
653 3775 685 3820 v.
714 3773 786 3836 cap.
809 3755 846 3820 H
870 3754 907 3837 O,
932 3754 1101 3820 deforma
1126 3753 1278 3836 ,iubeor“
1303 3772 1333 3818 v.

109 3877 180 3942 cap.
204 3860 259 3925 HI
283 3878 309 3928 s.
333 3861 365 3927 h.
390 3880 422 3929 v.

216 3964 242 4032 l.
279 3965 436 4050 Sequitur
451 3967 662 4034 accusativus
678 3985 839 4049 personae
856 3972 889 4034 et
905 3967 936 4052 0)
952 3966 1018 4033 inf.
1042 3966 1107 4032 vbi
1130 3964 1335 4033 transitivi

108 4091 182 4138 oum
206 4073 334 4139 obiecto
359 4074 537 4140 coniuncti:
564 4074 593 4156 1,
621 4083 716 4150 10,18
740 4074 850 4156 „iubet
871 4074 944 4140 illos
964 4093 1004 4139 ex
1020 4073 1135 4139 amicis
1151 4074 1334 4155 exemplum

109 4182 259 4261 capere“.
283 4217 326 4227 —
350 4180 480 4263 2,11,2
505 4199 580 4262 ,eos
615 4200 760 4265 pugnam
794 4199 968 4263 capessere
996 4180 1118 4246 iubet“.
1146 4215 1190 4225 -
1214 4180 1245 4260 7,
1265 4189 1291 4254 3,
1310 4189 1334 4241 6.

108 4287 139 4367 8,
160 4297 184 4364 2,
204 4297 228 4351 3.
272 4288 325 4370 11,
345 4300 370 4365 9,
391 4299 423 4351 16
449 4289 490 4353 al.
515 4324 559 4333 —
583 4288 746 4354 obiectum
761 4287 976 4370 supplendum
993 4290 1057 4353 est:
1083 4286 1114 4368 3,
1136 4298 1160 4363 1,
1179 4295 1195 4348 8
1226 4286 1335 4368 „iubet

107 4392 318 4460 Artabanum
340 4413 452 4461 secum
475 4395 697 4461 commutarc“
724 4394 781 4479 (sc.
805 4391 963 4477 loricam).
980 4429 1024 4440 -
1040 4392 1093 4475 39,
1122 4402 1147 4469 a,
1166 4403 1183 4456 8
1205 4392 1334 4475 „bibere
