2896 4876
204 1132 246 1254 P
249 1186 412 1269 ompeium
424 1187 569 1270 Trogum
581 1186 777 1268 scriptorem
793 1187 978 1269 accepimus
994 1187 1104 1269 priore
1119 1193 1215 1271 parte
1227 1189 1325 1270 primi

99 1296 177 1375 post
200 1291 370 1359 Christum
396 1296 512 1358 natum
539 1292 663 1358 saeculi
689 1292 812 1358 vixisse
840 1297 874 1358 et
901 1292 1106 1360 Graecorum
1141 1296 1324 1376 exemplum

97 1399 280 1483 secutum1)
317 1399 433 1464 XLIV
466 1398 566 1463 libros
604 1397 864 1480 Philippicarum
909 1399 1123 1466 historiarum
1160 1401 1210 1466 ita
1248 1418 1353 1465 cons

98 1505 283 1586 scripsisse,
306 1509 344 1570 ut
366 1504 528 1570 maximus
552 1507 653 1584 atquc
678 1503 893 1585 gravissimus
916 1505 1007 1570 locus
1032 1505 1120 1590 (libb.
1136 1504 1324 1589 VH—XL)

99 1611 290 1676 narratione
323 1628 433 1676 rerum
467 1609 728 1675 aMaoedonum
762 1609 894 1691 regibus
930 1613 965 1676 et
1000 1628 1021 1676 a
1054 1611 1234 1694 diadochis,
1270 1611 1326 1693 qui

97 1721 270 1798 vocantur,
305 1721 475 1798 gestarum
498 1720 677 1798 occupetur
705 1718 753 1796 et,
788 1734 862 1781 curn
895 1716 950 1782 ille
977 1717 1148 1798 permultis
1168 1717 1256 1784 locis
1283 1717 1325 1783 ab

97 1822 249 1887 oratione
266 1821 478 1904 digrediatur,
501 1821 647 1887 breviter
665 1821 808 1886 omnium
823 1822 902 1903 fere,
927 1841 1011 1903 quae
1028 1841 1068 1888 ea
1091 1826 1203 1889 aetate
1225 1827 1325 1889 notae

97 1934 195 1994 erant
218 1929 375 2013 gentium,
411 1929 502 2012 origo
526 1931 560 1993 et
582 1928 723 1994 historia
746 1932 975 2008 terrarumque
998 1929 1082 1994 situs
1111 1929 1324 2010 explicentur.

100 2033 209 2116 Quam
219 2036 359 2117 primam
372 2034 548 2100 aRomano
561 2034 724 2116 scriptore
742 2034 925 2099 confectam
937 2033 1110 2099 historiam
1124 2034 1324 2116 universam,

100 2141 191 2221 quod
211 2160 272 2206 nos
293 2159 359 2206 non
382 2143 551 2206 servatam
573 2139 732 2205 habemus
756 2158 818 2205 nec
840 2140 1060 2222 nihilominus,
1085 2158 1169 2222 quae
1193 2159 1234 2206 ea
1249 2158 1325 2206 con-

101 2247 284 2328 tineantur,
311 2247 517 2328 ignoramus,
551 2245 702 2311 univiro
728 2245 897 2327 debemuS,
926 2265 1000 2311 eum
1023 2245 1112 2326 dica
1146 2233 1203 2326 qui
1226 2246 1327 2329 Trogi

100 2371 183 2434 opus
198 2352 232 2416 in
249 2352 413 2434 epitomen
428 2351 566 2433 redegit,
581 2351 627 2416 M.
643 2351 819 2416 Iunianum
833 2352 1008 2417 Iustinum.
1044 2349 1326 2432 Quemadmodum

98 2458 187 2524 enim
221 2476 321 2539 saepe
354 2458 479 2523 factum
514 2476 587 2523 esse
622 2457 768 2538 videtur,
803 2462 841 2523 ut
876 2457 1032 2523 crassiori
1065 2457 1195 2523 cuidam
1226 2461 1326 2538 atque

99 2564 251 2645 ampliori
273 2563 355 2628 libro
373 2564 516 2644 epitome
532 2567 799 2644 anteponeretur,
823 2563 871 2629 ita
887 2563 1019 2629 dubium
1035 2581 1108 2628 esse
1122 2581 1189 2628 non
1203 2567 1325 2644 potest,
1401 2650 1404 2656 Ι

99 2670 179 2750 quin
206 2669 307 2752 Trogi
330 2688 459 2751 quoque
483 2687 564 2750 opus
587 2687 668 2751 prae
691 2669 814 2734 Iustini
837 2668 983 2750 epitoma
1005 2669 1112 2751 magis
1136 2669 1179 2734 ad
1202 2687 1324 2750 eorum,

99 2775 156 2855 qui
184 2793 257 2840 earn
283 2775 453 2857 legebant,
482 2775 609 2841 animos
640 2775 856 2841 accomodata
883 2775 1067 2857 neglectum
1091 2793 1131 2840 ac
1153 2774 1325 2857 paullatim

99 2880 256 2946 obliuioni
279 2881 393 2946 datum
416 2880 502 2964 sit.)
1246 2958 1248 2963 ¹

207 2984 289 3067 Quis
313 2991 425 3052 autem
448 2986 548 3052 fuerit
569 2986 624 3052 ille
639 2987 799 3068 Iustinus
823 3004 887 3068 quo
910 2987 982 3052 loco
1007 2991 1066 3052 aut
1090 3004 1153 3066 quo
1177 2989 1324 3066 tempore

98 3098 197 3157 natus
221 3093 276 3175 sit,
299 3093 424 3158 frustra
446 3110 506 3158 nos
529 3093 563 3157 in
587 3093 815 3173 quaestionem
830 3111 951 3158 vocare
966 3096 1109 3158 constat.
1147 3091 1235 3157 Nam
1251 3109 1325 3156 cum

99 3197 143 3262 ab
164 3198 291 3263 Iustino
315 3198 387 3281 ipso
412 3198 452 3263 de
476 3199 576 3280 Trogi
598 3198 721 3279 patria,
745 3215 820 3279 avo,
843 3203 949 3281 patre,
979 3202 1098 3280 patruo
1121 3197 1326 3263 instruamur
1363 3233 1371 3245 -

100 3303 354 3388 (43,e‚1r.1c),
389 3304 475 3369 unde
509 3303 678 3384 facillime,
714 3303 845 3384 quando
875 3303 929 3368 ille
963 3303 1099 3384 vixerit,
1134 3303 1325 3384 depromere

99 3410 275 3492 possimus,
302 3411 342 3477 de
365 3411 436 3491 ipso
461 3409 690 3475 abbreviatore
713 3409 747 3473 in
770 3409 914 3475 tenebris
938 3395 1111 3475 versamur
1133 3427 1325 3491 semperque

99 3517 314 3582 versabimur.
363 3517 479 3596 Neque
510 3515 596 3581 eninr
630 3518 779 3581 veterum
814 3515 1012 3598 scriptorum
1046 3515 1220 3596 quisquam
1255 3514 1324 3580 eius

98 3623 297 3687 mentionem
320 3622 402 3688 facit
423 3641 529 3703 neque
552 3622 586 3686 in
610 3621 769 3703 epitoma,
805 3621 921 3703 quibus
946 3625 1038 3687 certa
1062 3621 1224 3702 quaedam
1248 3639 1324 3686 con·

100 3728 186 3793 cludi
208 3729 347 3810 possint,
371 3728 434 3794 loci
456 3728 676 3794 inveniuntur.
740 3802 742 3806 Α

208 3902 231 3970 ²)
249 3918 275 3956 v.
294 3900 457 3957 Frotscheri
476 3901 627 3957 editionem
645 3900 747 3956 lustini
765 3900 853 3970 (Lips.
870 3902 1033 3969 1827-30),
1062 3900 1116 3956 vol.
1128 3900 1150 3971 I,
1168 3917 1204 3971 p.
1217 3899 1325 3956 xlv-

100 3969 202 4028 xuvn
220 3971 454 4043 (,Gommentatio
472 3972 507 4028 de
520 3971 606 4042 Trogi
618 3971 735 4042 Pompei
747 3972 864 4042 eiusque
885 3971 1077 4043 epitomatoris
1088 3971 1195 4040 lustini„
1201 3969 1325 4026 fontibus

99 4045 132 4098 et
157 4043 324 4100 auctoritate
351 4045 466 4100 aucmre
482 4043 518 4100 A.
538 4041 572 4097 H.
591 4042 623 4099 L.
641 4042 789 4112 Heeren‘).
808 4072 842 4082 -
860 4043 897 4099 Α.
920 4059 946 4099 v.
966 4041 1132 4099 Gntschmid
1160 4041 1253 4105 „Uber
1280 4040 1326 4097 die

82 4110 269 4183 bragmento
285 4113 336 4171 des
353 4112 503 4185 Pompeius
523 4112 624 4185 Trojus
645 4115 710 4169 ...“
729 4113 760 4168 in
777 4111 967 4169 Fleckeisenii
985 4113 1149 4184 annalibus,
1178 4111 1269 4183 suppl.
1288 4111 1324 4182 ll,

102 4182 228 4257 1866157,
245 4200 275 4257 p.
293 4188 447 4263 ¹⁷⁷·2823
467 4214 500 4225 -
519 4183 596 4240 idem
613 4184 644 4239 in
661 4184 760 4240 Museo
777 4184 914 4240 Rhenano
933 4188 976 4253 37,
989 4201 1038 4245 548.

167 4270 230 4345 ᾖ)
255 4272 290 4329 Β.
312 4271 347 4333 G.
365 4270 494 4329 Niebuhr
507 4272 716 4343 „Historische
744 4271 897 4342 Vortrage“
927 4273 1029 4339 (Berol.
1060 4272 1212 4339 1847-51)
1241 4269 1277 4340 Π,
1298 4274 1322 4339 1,

101 4344 188 4401 0-18.
204 4370 243 4407 -ε,
259 4342 289 4401 J.
308 4342 341 4401 F.
359 4342 455 4401 Reclre
483 4343 577 4414 „Uber
603 4343 649 4400 dic
676 4343 1082 4415 Spracheigentdmlichkeiten
1108 4342 1246 4410 Iustins“,
1273 4339 1323 4399 lib.
1379 4373 1382 4378 ·

136 4410 186 4467 hcl·
202 4398 392 4481 fflhnueen
411 4418 489 4486 1854,
507 4431 536 4485 p.
548 4419 574 4472 3.
