2896 4876
564 257 788 321 ..61-

97 454 140 535 311,
166 451 209 518 113
234 469 366 532 quoque
387 448 502 514 formis
524 448 734 514 necessitatis
755 449 847 514 notio
868 448 966 515 inest.
1013 447 1099 516 Sunt
1119 456 1232 517 autem
1253 453 1288 517 in

95 558 194 625 Iustino
214 559 291 623 hae:

174 659 384 732 13333318
395 661 428 742 8,
454 672 483 736 4,
501 671 518 722 1
538 660 689 742 „foedum
704 679 840 741 prorsus
856 661 1143 743 miserandumque
1157 668 1288 743 specta·

95 770 205 836 culum“.
227 769 375 833 —item
399 765 457 848 15,
475 775 539 842 ac
565 801 610 813 -
631 767 1056 848 42,4,34,31133133(133
1077 770 1290 835 33333111.-

95 873 172 942 Cuius
179 871 705 954 vocabuliusumpraedicativum
715 891 817 954 supra
825 873 1011 954 legeramus
1021 874 1053 955 8,
1072 884 1099 949 3,
1117 885 1142 938 a
1164 876 1288 956 11,4,9.

174 977 392 1050 deleamus
416 981 470 1060 14,
493 989 590 1054 14,12
615 978 866 1059 „detestandum
889 981 941 1044 sni
964 983 1208 1061 conspectum“.

175 1083 368 1155 melum
402 1085 457 1166 28,
479 1095 542 1161 4,1
574 1084 649 1165 ,qui
675 1085 738 1150 soli
761 1136 769 1151 .
794 1136 803 1151 .
826 1085 976 1151 ommlnus
997 1086 1175 1152 metuenda
1196 1104 1291 1152 arma

96 1193 369 1274 contempserant“.
396 1227 431 1237 -
458 1191 550 1257 Usus
572 1190 833 1272 praedicativus:
859 1192 912 1273 18,
930 1201 958 1268 3,
977 1203 1020 1254 11.
1064 1191 1118 1272 21,
1137 1202 1164 1268 3,
1182 1203 1207 1254 1.

175 1295 422 1382 comparandus
436 1299 470 1378 4,
488 1306 516 1373 3,
536 1308 549 1358 1
582 1296 729 1377 „facinus
744 1297 825 1362 nulli
839 1302 982 1380 qmnne
1001 1298 1289 1379 comparandum.

94 1403 221 1470 -Usus
245 1403 393 1484 praeda.
419 1403 450 1484 1,
470 1413 558 1478 314
602 1402 658 1483 23,
676 1412 747 1478 aa

173 1507 343 1578 ulrum
365 1509 398 1590 2,
420 1519 463 1583 13,
482 1519 517 1571 13
542 1527 671 1589 ,rerum
692 1509 858 1576 varietate
879 1509 1063 1577 miranda“.
1079 1546 1123 1557 -
1139 1509 1207 1595 (De
1229 1510 1292 1576 hoc

94 1613 149 1679 loco
167 1635 195 1682 3.
215 1634 248 1697 p.
275 1616 318 1678 14
340 1620 376 1680 31
397 1614 473 1681 adn
500 1614 543 1698 1.)

174 1717 336 1790 33133333
372 1719 425 1800 19,
444 1730 525 1797 313
559 1720 722 1802 ,nefanda
748 1722 852 1788 lues“.
875 1757 920 1767 -
943 1721 1002 1802 21,
1020 1732 1047 1798 4,
1065 1732 1091 1784 1.
1132 1721 1186 1803 39,
1215 1733 1241 1799 3,
1270 1734 1293 1784 1.

97 1860 129 1870 -
147 1823 236 1892 (luins
259 1826 352 1893 vocis
374 1826 477 1892 etiam
498 1826 622 1910 gradus
644 1827 866 1908 superlativus
889 1832 1017 1892 exstat:
1043 1827 1096 1908 18,
1116 1837 1195 1901 7,13
1217 1846 1292 1908 ,ne-

97 1927 296 1999 lmdissimum
328 1934 463 2014 caput“.
485 1969 531 1979 —
552 1952 585 1998 3.
615 1931 702 1998 Seck
734 1952 767 2013 p.
797 1932 849 1998 14.
873 1968 917 1978 -
943 1931 1056 2014 Atque
1089 1932 1124 1997 in
1157 1951 1293 1998 numero

97 2035 190 2114 plurali
214 2039 363 2105 neutrius
391 2038 521 2122 generis
548 2044 588 2103 ut
612 2038 858 2104 substantivum
883 2056 1003 2102 nomen
1024 2043 1220 2120 usurpatum
1242 2044 1296 2104 est

97 2141 173 2223 16,4,
190 2156 220 2208 11
256 2144 514 2227 „nefandissima
547 2146 730 2227 quaequc“.
754 2181 800 2192 -
821 2142 981 2210 Similiter
1013 2145 1140 2212 substv.
1175 2163 1294 2211 nomen

95 2245 195 2316 1331113
216 2256 269 2317 est
289 2248 475 2336 13333311,
498 2269 620 2316 orum:
653 2252 684 2331 1,
704 2250 1019 2333 7‚15„matrimonii
1033 2250 1235 2317 reticenda“.

178 2355 404 2423 Gerundivum
438 2355 602 2437 quoddam
636 2374 712 2422 cum
738 2355 947 2425 substantivo
974 2356 1106 2422 nomine
1127 2360 1199 2422 tam
1221 2361 1295 2422 arte

94 2460 280 2530 coniunctum
296 2467 359 2544 est,
374 2467 413 2528 ut
428 2463 524 2544 quasi
538 2462 635 2527 unius
650 2462 742 2527 vocis
754 2461 898 2544 speciem
909 2467 1011 2544 atque
1021 2461 1296 2544 significationem

92 2567 239 2644 praebeat.
286 2566 383 2650 Quod
404 2568 600 2634 vocabulum
626 2568 889 2649 „iusiurandum“
916 2568 1066 2633 omnibus
1091 2567 1295 2650 temporibus

92 2673 326 2741 usitatissimum
359 2675 448 2756 apud
480 2672 644 2740 Iustinum
678 2674 769 2741 hisce
806 2674 937 2740 casibus
974 2673 1154 2740 invenitur:
1198 2691 1296 2740 casus

88 2779 308 2846 nominativus:
332 2780 388 2861 24,
406 2791 433 2856 2,
452 2791 487 2844 13
506 2816 549 2829 -
572 2780 737 2864 genitivus
766 2780 799 2862 3,
818 2791 845 2855 3,
864 2791 906 2843 12.
953 2781 1006 2861 14,
1023 2791 1050 2856 4,
1068 2789 1095 2843 8.
1136 2778 1191 2858 24,
1219 2788 1245 2854 2,
1272 2789 1299 2842 3.

88 2887 338 2954 -33333311333
351 2886 463 2971 (aptus
475 2906 494 2952 e
507 2886 754 2969 praepositione
772 2888 919 2970 „post“:)
935 2887 968 2968 3,
986 2897 1013 2961 4,
1031 2895 1058 2950 3.
1076 2883 1297 2952 -ablativus

85 2991 112 3074 3,
128 3003 153 3070 a,
172 3004 212 3056 11.
257 2991 290 3074 5,
314 3003 421 3068 10,11.
465 2992 498 3073 8,
515 3004 543 3070 4,
563 3005 605 3056 11.
651 2995 704 3072 11,
723 3002 749 3066 a,
769 3004 813 3056 13.
858 2995 912 3074 14,
929 3003 958 3068 4,
975 3003 1000 3056 3.
1038 3005 1064 3056 1.

177 3099 250 3165 1331
272 3098 447 3165 1133311311
468 3098 513 3164 ad
535 3099 763 3164 accusativum
782 3098 954 3181 gerundivi
968 3098 1137 3165 notionem
1151 3096 1294 3162 necessi·

81 3203 154 3270 tatis
176 3204 210 3269 in
232 3203 413 3288 gerundivo
436 3203 546 3270 inesse
568 3204 762 3285 videbimus,
785 3223 860 3270 cum
880 3223 902 3270 a
923 3204 1034 3270 verbis
1048 3202 1234 3269 transitivis
1249 3202 1299 3267 ita

79 3310 226 3391 pendeat,
247 3314 287 3375 ut
309 3310 536 3391 praedicative
558 3315 738 3391 usurpatus
760 3310 870 3390 finem,
893 3310 938 3376 ad
952 3329 1049 3391 quem
1065 3312 1195 3390 spectet
1209 3307 1297 3374 actio

79 3416 246 3497 quaedam,
268 3415 403 3482 indicet.

179 3521 281 3604 Apud
290 3520 585 3588 Iusthaecverba
596 3525 730 3587 exstant
741 3526 843 3603 atque
854 3521 996 3603 primum
1007 3521 1137 3604 quidem
1149 3518 1298 3585 omnibus

78 3628 274 3709 temporibus
297 3627 437 3694 usitata:
462 3625 508 3713 (v.
532 3628 594 3693 Dr.
617 3627 663 3709 Π,
687 3647 719 3708 p.
743 3627 809 3691 823
832 3627 917 3710 sqq.)

179 3732 221 3802 113
257 3735 420 3815 11,13,13
445 3734 617 3816 ,dextram
638 3752 675 3799 se
697 3733 867 3799 serendam
890 3732 1082 3799 Alexandro
1107 3731 1220 3798 dare“.

177 3837 254 3909 1333
270 3840 302 3920 8,
322 3849 347 3915 3,
367 3849 384 3902 8
413 3835 1300 3922 ,1333111..133313311113133..31131133313111313

76 3944 256 4013 sacienda“.

178 4051 260 4117 Inde
283 4069 304 4117 3
328 4049 499 4117 Ciceronis
521 4052 576 4117 331
598 4050 756 4118 Caesaris
779 4056 891 4117 aetate
914 4050 1090 4116 invenitur.

178 4156 278 4227 uaso
300 4159 330 4237 1,
348 4167 412 4233 4,1
442 4158 590 4240 ,pastori
607 4209 641 4224 ..
664 4176 802 4238 puerum
826 4156 1085 4239 exponendum.
1108 4190 1153 4201 —
1178 4155 1208 4235 1,
1237 4162 1263 4229 3,
1284 4162 1301 4215 s

80 4263 199 4345 ,filium
222 4263 293 4329 eius
315 4263 484 4331 interfecit
507 4263 771 4345 epulandumque
792 4263 882 4344 patri
904 4262 1074 4328 tradidit“.
1098 4296 1142 4306 -
1162 4259 1194 4341 2,
1207 4269 1302 4332 11114.

79 4368 109 4450 2,
129 4379 171 4447 13,
190 4379 216 4436 8.
258 4368 294 4452 5,
313 4380 339 4447 8,
357 4381 383 4434 6.
426 4370 478 4452 12,
499 4379 585 4446 3,11.
631 4368 687 4451 25,
705 4378 732 4447 3,
751 4379 776 4432 2.
795 4405 839 4416 -
860 4389 893 4436 v.
913 4370 977 4435 lex.
994 4367 1092 4435 Caes
1116 4369 1151 4433 31
1165 4366 1226 4432 Dr.
1242 4364 1302 4432 l.l
