2896 4876
626 260 849 325 ..37-

118 452 180 515 aut
197 499 205 514 .
224 499 231 514 .
250 499 258 514 .
276 447 342 515 dux
365 448 465 516 belli.
484 450 673 533 ‚legeretur
695 456 755 517 aut
779 503 786 517 .
810 499 818 516 .
841 453 875 517 in
899 452 1056 518 auxilium
1079 457 1288 520 vocaret-uri
1306 491 1348 503 -

118 554 179 620 cfr.
195 553 336 620 Fischer
349 574 381 636 p.
395 554 449 636 51,
459 565 486 617 6.
501 592 546 602 -
560 575 592 622 1,
608 558 670 621 Dr.
682 557 728 637 II,
743 557 967 639 1211611.-
979 557 1024 625 K.
1036 559 1081 638 Π,
1098 559 1119 622 2
1139 580 1170 641 p.
1185 560 1260 637 801,
1270 561 1291 626 1.

227 660 329 743 Apud
350 661 544 728 Lucretium
566 663 732 729 invenitur
755 663 827 746 (cir.
851 662 1012 747 Georges
1035 666 1172 746 lexicon,
1197 685 1224 732 1.
1242 667 1273 732 h.
1291 668 1349 750 1.).

226 784 411 869 praesagio
434 785 570 867 33,1,1
599 786 653 867 „id
675 793 865 869 portentum
887 787 1013 854 Persae
1037 790 1185 855 omnibus
1213 808 1347 872 praesa·

116 890 315 974 gientibus“.

228 997 309 1064 Inde
324 1016 346 1064 1
362 997 532 1065 Ciceronis
548 1001 750 1082 temporibus
766 1000 850 1067 haec
872 1001 974 1067 verba
998 1002 1165 1084 cogitandi
1179 1003 1345 1085 legrmtur:

225 1119 334 1191 111111
356 1122 415 1188 inf.
438 1141 547 1204 praes
566 1128 637 1190 act.
662 1124 715 1205 31,
736 1133 762 1200 8,
781 1135 796 1187 9
827 1125 993 1205 „muneris
1016 1126 1158 1191 Romani
1185 1127 1347 1208 aptiorem

117 1226 238 1293 Asiam
269 1245 368 1310 quam
396 1229 624 1310 possessiones
658 1231 864 1312 voluptarias
897 1230 1115 1298 iudicantes‘.
1138 1270 1182 1278 -
1205 1233 1262 1298 inf.
1286 1234 1345 1299 lut.

118 1337 153 1398 11
176 1350 284 1415 praes.
309 1339 375 1401 act.
398 1333 431 1416 5,
451 1345 513 1410 7,8
540 1335 629 1417 „iam
648 1336 756 1418 ipsam
772 1336 915 1418 patriam
931 1337 1112 1418 perituram
1127 1338 1345 1404 miseriorem·

118 1457 183 1520 que
205 1439 416 1506 incolumium
439 1459 538 1523 quam
561 1442 759 1508 amissorum
786 1443 953 1508 fortunam
981 1443 1197 1509 iudicantes‘.
1221 1479 1266 1491 -
1287 1444 1344 1511 inf.

116 1545 163 1626 pf.
179 1563 268 1626 pass.
295 1546 444 1627 13,1,11
468 1553 528 1628 „ut
551 1547 607 1629 qui
630 1566 686 1613 eos
709 1548 890 1632 ignoraret,
913 1566 978 1613 non
1002 1569 1043 1614 ex
1064 1567 1131 1615 una
1154 1554 1263 1632 gente,
1287 1549 1345 1616 sed

82 1725 85 1731 ,
116 1671 158 1718 ex
192 1656 263 1718 toto
286 1655 450 1718 terrarum
479 1654 557 1720 orbe
584 1654 706 1719 electos
730 1654 923 1721 iudicares.
947 1691 991 1702 -
1014 1674 1045 1720 1.
1069 1656 1131 1720 Dr.
1154 1656 1199 1735 Π,
1224 1675 1255 1736 p.
1279 1655 1344 1720 387

115 1762 151 1823 11
174 1758 261 1824 lexx.
288 1757 356 1824 Cic.
381 1763 415 1824 et
439 1757 536 1825 0111.

224 1883 354 1966 reputo.
377 1884 454 1948 Duo
471 1887 550 1949 sunt
564 1884 724 1965 exempla,
741 1902 880 1965 quorum
895 1888 1071 1964 utrumque
1086 1883 1225 1950 formam
1240 1884 1343 1967 parti-

115 1987 193 2069 cipii
215 2005 324 2069 praes.
346 1988 498 2070 praebet:
533 1989 590 2054 ini.
614 1988 659 2071 pf.
684 1995 749 2055 act.
775 1989 827 2070 12,
848 1999 925 2064 5,11
960 1993 1139 2071 „reputans
1173 2009 1239 2055 non
1273 1995 1343 2056 tam

114 2093 246 2159 hostem
269 2112 364 2160 suum
380 2094 482 2160 luisse
497 2096 646 2160 Dareum
670 2113 769 2177 quam
787 2146 793 2160 .
813 2146 819 2160 .
839 2096 868 2160 .“
893 2131 934 2141 -
959 2095 1016 2160 inf.
1037 2095 1082 2177 pf.
1099 2114 1187 2176 pass.
1207 2097 1258 2176 11,
1283 2107 1308 2173 1,
1327 2105 1343 2159 5

115 2203 333 2281 „reputantes
356 2218 443 2266 nunc
465 2205 681 2282 provacatam
696 2199 815 2266 Asiam
841 2203 923 2266 ...“
948 2238 990 2247 -
1015 2199 1154 2283 Saepius
1178 2202 1343 2268 sententia

114 2305 357 2388 interrogativa
372 2306 504 2387 obliqua
523 2307 683 2388 sequitur,
707 2326 784 2390 eg.
804 2308 855 2387 11,
876 2317 900 2383 9,
920 2317 936 2369 1
966 2307 1174 2389 „reputabat
1199 2312 1341 2388 quantas

114 2430 169 2477 res
195 2461 203 2478 .
229 2462 236 2477 .
263 2463 270 2478 .
293 2411 485 2494 gessisset“.
509 2448 553 2459 —
577 2414 629 2495 12,
650 2424 676 2488 6,
696 2423 728 2476 11
762 2414 803 2479 al.

222 2536 378 2617 5111116,
392 2545 443 2612 16
465 2535 600 2618 ,melius
620 2537 725 2603 esse“.
750 2572 793 2582 —
817 2556 848 2602 1.
865 2534 1025 2618 Georgos
1052 2536 1181 2602 lexicon
1204 2556 1230 2602 s.
1255 2537 1289 2607 h.
1307 2556 1338 2604 1.

221 2655 289 2711 non
315 2640 435 2711 111111.
473 2642 621 2708 Iustinus
656 2643 757 2708 semel
783 2643 870 2708 hanc
899 2642 1176 2707 constructionem
1204 2643 1341 2723 praebet

115 2747 187 2832 (cfr.
207 2766 292 2830 „non
308 2748 440 2814 dubium
457 2750 540 2830 est“,
563 2769 596 2830 p.
622 2747 690 2832 11);
715 2748 769 2830 42,
788 2759 814 2824 4,
834 2759 849 2811 6
882 2767 997 2830 „quem
1020 2749 1160 2814 ultorem
1182 2749 1343 2829 patris..

114 2852 261 2920 futurum
284 2872 350 2920 non
373 2853 601 2921 dubitabant“.
626 2889 668 2902 —
691 2875 724 2921 1.
747 2856 808 2920 Dr.
824 2854 871 2935 Π,
894 2874 926 2936 p.
951 2853 1016 2918 389
1028 2872 1100 2935 sqq.
1123 2891 1167 2899 —-
1190 2853 1235 2919 K.
1251 2854 1296 2935 H,
1318 2854 1339 2917 2

113 2978 145 3040 p.
162 2959 239 3041 832,
263 2960 387 3026 11113.
410 2997 455 3007 -
477 2960 655 3027 Kuehnast
677 2980 709 3042 p.
726 2960 802 3026 249.
826 2996 870 3006 -
893 2957 992 3042 Opitn
1008 2979 1040 3041 p.
1058 2960 1110 3023 28.
1135 2996 1178 3005 -
1200 2959 1340 3026 Bonnell

114 3083 140 3131 s.
157 3066 189 3132 h.
205 3085 238 3132 1.
261 3104 306 3117 -
330 3066 483 3150 Gnonsny
505 3087 537 3148 p.
553 3067 607 3136 40.
635 3101 670 3113 -
699 3066 829 3132 Thimm
852 3086 885 3148 p.
902 3065 955 3134 85.
986 3103 1023 3114 -
1045 3065 1150 3131 Ebert
1171 3086 1203 3147 p.
1220 3066 1273 3132 34.
1295 3103 1338 3114 —-

113 3172 250 3238 Tertull
285 3192 317 3254 p.
353 3172 405 3240 80.
441 3172 517 3239 418.
552 3207 597 3220 —
630 3172 849 3238 Usitatiorem
878 3172 1076 3254 particulam
1111 3172 1225 3253 „quin“
1263 3176 1339 3254 post

111 3278 175 3344 hoc
208 3278 345 3345 verbum
373 3296 426 3360 ap.
449 3279 477 3344 Ι.
500 3297 567 3344 non
593 3279 779 3346 invenimus
807 3279 871 3344 nisi
898 3279 932 3343 in
957 3278 1106 3344 oratione
1128 3278 1185 3344 illa
1208 3278 1336 3344 Mithri-

112 3382 213 3466 datis,
229 3408 231 3413 ’
246 3384 285 3450 de
309 3402 375 3467 qua
398 3402 499 3466 supra
522 3384 662 3450 diximus
690 3383 733 3469 (p.
758 3383 789 3466 9,
814 3383 888 3450 adn.
912 3383 949 3469 4)
973 3383 1026 3465 38,
1045 3393 1107 3460 4,1
1138 3384 1235 3465 ,quin
1257 3403 1336 3450 vero

110 3491 156 3556 sit
177 3491 397 3558 resistendum
422 3542 492 3572 ...,
516 3510 557 3556 ne
581 3509 637 3557 eos
661 3491 791 3572 quidem
815 3490 976 3572 dubitare,
1000 3490 1056 3571 qui
1081 3491 1159 3556 ...“

217 3613 402 3685 obliviscor
418 3616 471 3696 16,
491 3625 516 3690 1,
536 3625 552 3678 8
583 3615 806 3696 „obliviscitur
825 3633 861 3680 se
876 3614 1073 3680 hominem“.
1097 3649 1141 3661 -
1163 3632 1195 3678 1.
1211 3615 1273 3679 Dr.
1288 3615 1333 3696 H,

134 3720 242 3786 .386.

109 3741 130 3802 p
216 3826 272 3892 Ad
293 3827 397 3894 verba
419 3827 581 3893 sentiendi
607 3826 753 3909 proxime
782 3826 943 3893 accedunt
971 3843 1024 3906 11,
1060 3844 1144 3907 quac
1179 3826 1334 3892 affectum

110 3932 272 4012 quendam
306 3934 407 4000 animi
445 3934 641 4017 significant.
699 3931 792 4014 Quae
831 3951 905 3999 cum
942 3932 1132 4013 plerumque
1170 3931 1219 3998 ita
1256 3952 1332 3999 con·

109 4041 295 4121 struantur,
329 4043 368 4105 ut
402 4040 608 4106 enuntiatum
642 4038 872 4106 secundarium
901 4057 918 4104 1
947 4038 1173 4104 coniunctione
1205 4041 1328 4121 „quod“

109 4150 223 4224 aptum
256 4150 390 4229 regant,
426 4150 538 4211 tamen
566 4146 653 4227 apud
677 4163 789 4211 omnes
813 4143 992 4226 scriptores
1018 4144 1082 4209 loci
1109 4145 1330 4226 inveniuntur,

110 4250 225 4329 quibus
259 4253 342 4318 haec
377 4253 561 4318 accusativi
595 4271 668 4318 cum
703 4251 759 4317 inf.
785 4251 868 4317 coni.
905 4251 1105 4317 constructio
1141 4255 1262 4317 exstat.
1288 4287 1329 4299 -

112 4375 143 4422 1.
166 4359 226 4425 Dr.
250 4360 295 4441 Π,
319 4379 351 4440 p.
376 4358 438 4422 391
452 4377 524 4439 sqq.
548 4395 591 4404 -—
614 4357 728 4439 KH,
759 4358 789 4439 2,
813 4378 844 4439 p.
869 4357 949 4437 840,
985 4357 1112 4423 111112.
1140 4393 1179 4406 -
1204 4357 1256 4422 Ex
1289 4357 1329 4423 iis
