2896 4876
622 222 815 285 -9..

106 409 343 476 infinitivorum
362 409 581 476 Iustinianum
603 412 691 476 nullo
713 411 809 476 modo
833 429 854 476 a
877 411 995 477 ceteris
1019 411 1162 477 omnium
1185 416 1333 478 aetatum

108 516 325 596 scriptoribus
349 516 488 598 differre,
511 516 575 582 nisi
597 517 683 583 forte
706 516 790 582 duae
814 521 947 582 exstant
966 536 1030 598 res,
1054 517 1171 598 quibus
1186 518 1333 584 Iustinus

109 622 155 686 ad
183 623 376 688 Tertulliani
397 622 523 689 dicendi
546 642 649 705 genus
674 623 829 689 accedere
852 623 1013 689 videatur.
1059 621 1172 704 Atque
1193 624 1334 706 primum

109 728 242 808 quidem
265 727 319 809 28,
338 739 364 803 4,
384 740 399 793 o
419 729 471 794 his
494 729 599 795 utitur
621 729 745 795 verbis:
772 748 866 812 „cum
887 730 937 794 IV
959 729 1050 794 milia
1073 731 1145 795 sola
1168 748 1335 813 expugna

108 834 310 915 superfuisse
327 835 561 917 conspexisset,
577 837 731 901 hortatur
747 884 755 902 .
773 887 780 900 .
799 836 827 901 .“
869 832 974 915 Quem
988 835 1184 901 infinitivum
1202 854 1335 917 „super-

109 939 234 1005 111111ιι
258 940 412 1006 infinitivi
433 941 617 1021 praesentis
640 942 712 1006 loco
735 941 879 1022 positum
903 959 990 1022 esse,
1023 959 1118 1006 nemo
1146 959 1212 1006 non
1234 941 1334 1021 videt,

110 1046 168 1126 qui
183 1064 262 1111 usus
278 1046 445 1127 Kellnem,
465 1048 536 1113 viro
554 1047 753 1128 doctissimo,
778 1051 961 1128 temporum
978 1047 1120 1128 quadam
1136 1049 1335 1113 attractione

111 1171 143 1232 q.
168 1171 199 1217 v.
225 1153 435 1233 explicandus
469 1153 614 1234 videtur,
649 1171 748 1235 quam
782 1171 942 1235 persaepe
977 1153 1064 1234 apud
1098 1153 1336 1219 Tertullianum

110 1263 245 1324 exstare
267 1258 503 1342 monstravitl)
549 1259 691 1325 Etcum
714 1259 784 1340 ipse
809 1277 937 1342 quoque
961 1259 1154 1325 Tertulliani
1180 1260 1337 1324 nonnulla

111 1365 237 1446 scripta
260 1366 445 1431 evolverem
468 1371 568 1448 atque
590 1367 625 1431 in
647 1366 800 1432 infinitivi
822 1384 917 1431 usum
942 1363 1173 1451 excutereml),
1208 1365 1338 1447 repperi

111 1470 249 1535 verbum
274 1473 507 1553 „compellere“
535 1491 608 1537 cum
631 1491 721 1538 mero
755 1472 915 1537 infinitivo
950 1473 1003 1538 vel
1038 1491 1112 1538 cum
1146 1471 1335 1537 accusativo

112 1594 275 1657 personae
310 1582 344 1642 et
371 1578 532 1643 infinitivo
567 1578 775 1644 coniunctum
811 1578 1056 1644 aTertulliano
1087 1583 1121 1644 et
1143 1579 1185 1643 ab
1212 1577 1339 1643 Iustino

112 1684 244 1764 saepius
258 1683 438 1749 adhibitum
450 1703 533 1765 esse,
550 1702 649 1766 quam
664 1689 702 1750 ut
716 1684 852 1751 fortuito
865 1683 899 1750 id
913 1684 1038 1750 factum
1053 1703 1126 1749 esse
1141 1683 1336 1765 putaverim.

112 1788 218 1853 Immo
235 1807 434 1871 quamquam
452 1791 686 1872 „compellere“
704 1791 840 1856 verbum
856 1791 898 1856 ab
914 1790 988 1856 11111
1004 1809 1133 1871 quoque
1149 1789 1337 1855 auctoribus

112 1896 167 1961 hic
189 1895 254 1960 illic
276 1901 471 1977 usmpatum
494 1916 567 1964 esse
591 1896 763 1981 constat3),
786 1902 914 1978 tamen,
938 1915 1012 1963 cum
1034 1914 1055 1961 a
1078 1895 1280 1961 Tertulliano
1305 1898 1338 1960 et

111 2000 241 2065 Iustino
265 2001 337 2066 aliis
360 2002 484 2084 verbis,
509 2022 593 2084 quae
619 2003 705 2070 idem
732 2003 795 2069 sibi
820 2004 949 2084 volunt,
985 2003 1080 2083 quasi
1107 2006 1337 2083 anteponatur,

112 2125 179 2170 non
201 2105 321 2171 iniuria
348 2109 476 2174 efficere
504 2128 692 2192 possumus,
726 2109 847 2174 Iustini
881 2113 1025 2174 aetatem
1059 2126 1124 2173 non
1159 2107 1207 2173 ita
1240 2109 1338 2190 longo

113 2213 222 2294 spatio
246 2233 267 2280 a
290 2215 484 2281 Tertulliani
506 2215 640 2282 distare.

221 2319 287 2386 Sed
307 2325 359 2402 ut,
395 2322 557 2402 quomodo
580 2328 693 2388 noster
715 2323 894 2388 infinitivos
917 2325 1126 2403 usurpasset,
1154 2325 1268 2402 posset
1290 2320 1338 2385 in-

115 2425 236 2507 tellegi,
261 2431 396 2493 crmctos
420 2428 498 2509 fere,
523 2429 578 2509 qui
600 2429 634 2493 in
657 2428 802 2511 epitoma
825 2427 1000 2512 exstant4),
1024 2427 1150 2509 collegi,
1173 2425 1339 2508 indagavi,

115 2531 276 2613 disposui,
312 2539 346 2599 et
380 2539 417 2599 ut
445 2553 668 2616 quaecumque
695 2536 760 2601 huc
782 2538 935 2616 spectant
957 2534 1060 2599 verba
1083 2533 1234 2598 afferrem
1256 2550 1339 2598 neve

114 2640 216 2704 ullum
240 2641 390 2721 quamvis
413 2642 573 2707 usitatum
596 2641 791 2723 omitterem,
815 2641 916 2706 ctiam
938 2638 1194 2721 usurpatissima
1209 2656 1338 2703 enume-

115 2746 202 2826 ravi,
236 2765 302 2812 non
337 2747 479 2814 alienum
501 2752 595 2814 ratus
622 2748 657 2813 in
684 2747 840 2831 syntaxin
862 2746 1019 2812 Latinam
1043 2744 1237 2827 quibusdam
1259 2743 1340 2809 locis

116 2853 340 2933 complendam
356 2874 415 2936 pro
431 2855 518 2921 virili
532 2859 628 2937 parte
640 2872 774 2936 operam
785 2871 920 2920 navare.
941 2850 1054 2932 Atque
1064 2852 1115 2916 ita
1130 2849 1259 2931 quidem
1271 2868 1340 2914 rem

116 2957 260 3040 institui,
295 2965 333 3026 ut
368 2965 416 3043 ct,
451 2962 560 3043 quoad
595 2961 663 3027 eius
697 2961 770 3026 fieri
795 2961 918 3042 potuit,
952 2957 1188 3023 infinitivorum
1211 2956 1341 3021 ordines

116 3067 288 3131 nonnullos
312 3068 490 3134 secundum
513 3073 663 3150 tempora
686 3086 924 3149 componerem,
949 3085 989 3131 11
1012 3063 1129 3145 quibus
1146 3063 1177 3128 ei
1191 3063 1340 3144 usurpat'

117 3176 205 3252 sunt,
230 3177 272 3253 et,
296 3173 353 3239 ubi
374 3174 446 3239 fieri
467 3193 534 3239 non
556 3177 703 3256 poterat,
727 3173 863 3256 singulis
886 3170 1056 3237 infinitivis
1080 3170 1249 3250 adderem,
1277 3187 1341 3250 quo

120 3297 161 3342 ex
183 3283 331 3359 tempore
365 3280 525 3347 eiusmodi
561 3300 641 3347 usus
677 3284 833 3346 exstaret.
879 3276 1035 3358 Accedit,
1071 3275 1242 3358 quoniam,
1277 3292 1343 3355 qua

117 3388 230 3450 aetate
244 3385 392 3451 Iustinus
407 3387 537 3468 vixerit,
559 3387 752 3452 certioribus
768 3385 886 3451 finibus
902 3382 1168 3450 circumscribere
1183 3381 1217 3446 in
1233 3379 1341 3445 animo

116 3489 308 3572 habueram,
328 3496 376 3573 ut,
400 3493 455 3558 ubi
481 3493 571 3559 haud
596 3493 744 3574 ineptum
771 3495 844 3557 erat
867 3494 967 3572 atque
992 3489 1142 3569 licuerat,
1164 3486 1343 3552 infinitivcs

117 3632 161 3642 —
185 3602 318 3677 praeter
339 3617 463 3679 paucos
485 3600 632 3681 priorum
654 3604 838 3681 temporum
853 3633 895 3643 -
911 3596 987 3662 inde
1011 3613 1032 3661 a
1054 3594 1150 3660 Livio
1175 3611 1277 3673 usque
1301 3592 1344 3657 ad

119 3703 357 3769 Tertullianum
380 3725 421 3770 11
442 3706 533 3771 libris
557 3704 821 3771 doctissimorum
843 3703 990 3769 virorum
1017 3701 1227 3783 depromptos
1256 3714 1343 3763 com-

116 3827 248 3889 ponam.

229 3983 248 4054 1)
267 3983 384 4041 Kellner
422 3985 491 4051 ,Die
527 3983 723 4055 sprcchlichen
752 3980 1059 4053 lligentr'lmlichkeiten
1090 3978 1277 4035 Tertullians“
1313 3977 1344 4032 111

120 4054 859 4140 ,11111111111111110111111111111118(187611.
880 4057 940 4136 231.
1082 4121 1088 4135 .
1126 4121 1132 4134 ⁸
1284 4119 1316 4132 ..

226 4127 248 4194 ²)
268 4125 359 4210 Quam
376 4127 406 4182 in
423 4143 485 4182 rem
500 4127 558 4196 legi
570 4141 618 4182 111
629 4125 749 4210 libellos,
768 4140 817 4195 qm
833 4124 1026 4208 rnscmbnntur
1040 4121 1135 4206 ,Inbrr
1151 4120 1344 4191 apologetrcr“,

121 4213 242 4298 quorum
259 4213 378 4267 paginas
397 4197 487 4326 citabg
500 4196 667 4325 fielcrgndlun}
681 4195 832 4252 ed1tronem
849 4194 880 4250 F.
901 4193 1118 4264 Oehlem,L1ps.
1139 4194 1221 4261 1853,
1248 4189 1302 4245 vol.
1321 4188 1344 4244 l.

188 4407 194 4421 ·
227 4279 248 4410 ’ἰ
265 4270 469 4397 anssi’pa'uiess
479 4340 545 4396 libri
562 4309 596 4396 3⁶8
609 4309 689 4410 capp.
701 4341 781 4402 4-v‚
802 4336 904 4408 quibus
922 4336 1011 4392 oratio
1025 4330 1345 4416 quaedamtlliithridatis

118 4410 291 4494 continetur,
319 4411 552 4538 ffintnurlustinus
576 4411 639 4480 ipsc
657 4411 747 4480 (111,
762 4411 798 4473 11)
818 4406 990 4463 adverbum
1008 4421 1038 4461 se
1058 4421 1073 4460 1
1092 4403 1178 4473 Trogn
1196 4417 1280 4472 opere
1299 4417 1346 4456 ex·

118 4497 267 4551 compenso
286 4498 318 4538 co
370 4499 385 4538 1
434 4527 440 4541 .
