2896 4876
618 219 817 284 ..g-

210 407 307 475 Unde
323 427 522 492 quamquam
536 409 700 476 Iustinum
717 410 818 494 Trogi
838 411 981 495 vestigia
995 411 1166 493 pressisse
1192 411 1345 492 illiusque

107 530 288 581 sermonem
313 519 483 598 tamquam
506 533 601 581 suum
617 516 734 582 fecisse
755 515 929 604 apparet1)
952 517 1011 598 ita,
1035 522 1073 583 ιιι
1090 518 1259 599 elocutio,
1284 535 1344 598 qua

106 617 140 683 in
156 619 298 701 epitome
314 638 376 687 sua
394 639 474 687 usus
502 626 563 702 est,
587 622 729 688 maxime
753 622 854 707 Trogi
874 626 1019 690 aetatem
1046 623 1208 706 resipiat,
1232 627 1344 690 tamon

108 723 177 790 eius
199 725 343 791 libellum
364 727 512 810 legentes
533 728 664 810 saepius
687 729 722 793 in
744 730 846 795 verba
862 734 896 795 et
918 729 1095 795 verborum
1117 747 1275 796 conexus
1299 729 1344 794 in·

108 828 256 913 cidimus,
280 850 374 914 quae,
403 851 476 898 cum
500 832 542 898 ab
565 833 622 899 illa
645 838 756 900 aetate
780 835 876 901 nimis
901 835 1113 917 abhorreant,
1137 835 1254 917 ipsius
1279 835 1343 917 epi·

112 937 286 1003 tomatoris
322 937 449 1005 dicendi
476 939 589 1022 generi
623 944 701 1005 sunt
734 938 988 1024 attribuendal)
1037 939 1154 1022 Atque
1193 947 1237 1007 ut
1270 941 1345 1007 illuc

107 1041 251 1124 redeam,
274 1044 360 1109 unde
384 1043 520 1110 defluxit
543 1044 662 1126 oratio,
684 1045 768 1111 haec
791 1064 832 1112 ea
850 1046 925 1128 ipsa
947 1049 1025 1112 sunt
1044 1046 1160 1128 verba,
1188 1065 1281 1129 quae
1304 1047 1344 1114 ad

108 1150 259 1229 tempora
280 1149 401 1217 Iustini
427 1151 560 1234 paululo
589 1151 783 1218 certioribus
805 1152 924 1220 finibus
947 1153 1258 1220 circumscribendo
1280 1172 1345 1219 non

107 1252 240 1321 minimo
264 1259 342 1322 sunt
368 1258 596 1323 emolumento.
644 1255 752 1338 Quam
778 1277 849 1324 rem
877 1277 951 1326 oum
973 1259 1183 1342 respicerent
1208 1259 1280 1342 alii,
1308 1264 1344 1326 ut

62 1404 67 1413 ·
107 1358 262 1446 Reokoq,
286 1362 435 1448 Rueh14),
452 1363 645 1445 quibuscum
660 1363 868 1450 Forcellini⁵l
893 1362 1067 1445 consentit,
1086 1363 1344 1432 Antoninorum

110 1469 312 1550 temporibus
320 1468 355 1553 8),
384 1469 540 1554 Teuffelb
568 1471 666 1551 paulo
690 1470 853 1552 prioribus
876 1471 1040 1537 Iustinum
1070 1469 1201 1537 vixisse
1227 1472 1343 1538 effece-

111 1578 198 1656 runt,
215 1575 271 1640 alii
286 1575 379 1641 initio
395 1576 485 1642 tertii
507 1575 631 1642 saeculi
646 1595 720 1642 eum
735 1576 886 1643 floruisse
903 1580 1092 1643 statuerunt
1110 1581 1150 1642 ut
1160 1577 1342 1663 Wetzelss),

108 1679 344 1766 Lachmannl),
367 1681 578 1766 Pauckerffl),
602 1701 739 1765 quorum
767 1683 952 1766 opinionem
967 1682 1133 1749 Martinus
1151 1680 1364 1766 Schanz¹¹)'

111 1785 269 1868 sequitur.
293 1786 407 1870 Atque
422 1788 616 1855 Lachmann
633 1788 762 1870 quidem
777 1793 908 1855 tantum
924 1788 1040 1855 abesse
1056 1788 1115 1870 ait,
1136 1793 1177 1854 ut
1188 1790 1343 1858 Iustinus

108 1891 189 1957 locis
214 1893 266 1974 11,
285 1904 311 1970 4,
331 1905 347 1957 7
376 1897 409 1961 et
433 1895 486 1978 34,
506 1904 566 1971 ab
594 1895 757 1961 vocabula
782 1894 876 1979 ,‚(sub
905 1893 1038 1978 corona)
1065 1894 1284 1962 renduntur“
1311 1901 1344 1963 et

111 1998 302 2080 „venditum
321 2018 342 2067 a
359 2002 467 2086 Trogo
484 2001 733 2085 deprompserit,
749 2005 788 2068 ut
804 2002 986 2068 contrahis
1002 2001 1117 2066 formis
1131 2020 1174 2067 ne
1192 2003 1342 2070 secundo

109 2103 239 2184 quidem
267 2108 399 2173 saeculo
427 2108 507 2173 illud
535 2125 616 2190 opus
653 2108 837 2174 coniectum
866 2126 939 2174 esse
967 2111 1139 2189 appareat.
1193 2109 1342 2191 Reliqui,

109 2228 190 2291 quos
213 2212 310 2277 modo
336 2214 604 2296 commemoravi,
638 2213 702 2280 viri
726 2213 920 2297 doctissimi,
949 2213 1045 2278 nullis
1068 2213 1214 2294 propriis
1239 2232 1340 2299 argu·

109 2317 228 2383 mentis
252 2319 362 2386 allatis
387 2319 430 2404 (ιι.
455 2319 568 2405 adun.)
590 2320 677 2386 idem
701 2324 801 2401 atque
824 2321 878 2386 ille
905 2320 1061 2386 sentiunt.
1108 2317 1175 2384 Sed
1199 2339 1341 2402 prorsus

109 2422 209 2488 aliam
243 2425 332 2490 viam
359 2425 599 2493 illustrissimus
622 2423 952 2510 nosterNiebum12)
979 2426 1148 2507 ingressus
1177 2430 1247 2508 est,
1286 2427 1343 2509 qui

113 2529 177 2612 ,M.
192 2531 325 2598 Iuniani
344 2533 483 2600 Ιιιιιιιιιιι
509 2534 649 2600 nominis
673 2535 780 2599 sonna
806 2536 999 2613 commotus,
1024 2549 1098 2596 cum
1120 2533 1341 2612 praenomine

108 2635 163 2702 illo
180 2639 310 2720 quidem
325 2641 476 2706 Romano
491 2640 656 2707 instructa
671 2640 725 2722 sit,
753 2639 915 2723 gentilitio
938 2637 1069 2703 nomine
1085 2642 1212 2719 careat,
1236 2639 1341 2706 tertio

110 2760 184 2808 eum
207 2746 338 2811 saeculo
363 2765 436 2813 esse
459 2747 703 2813 attribuendum
725 2746 901 2811 manifesto
925 2742 1145 2810 demonstrari
1168 2742 1261 2811 dicit.

215 2848 309 2931 Quae
333 2870 407 2918 cum
428 2853 478 2919 ita
500 2853 580 2936 sint,
609 2871 670 2936 ego
694 2851 896 2932 accuratius,
924 2868 988 2933 quo
1016 2854 1163 2931 tempore
1186 2850 1343 2920 Iustinus

106 2955 280 3022 historiam
304 2976 398 3023 suam
422 2960 656 3041 conscripsisse
683 2959 865 3039 videretur,
900 2974 1058 3038 quaerere
1093 2958 1234 3022 conatus
1264 2977 1343 3025 eam

108 3062 270 3129 rationem
298 3069 431 3131 secutus
466 3084 553 3149 sum,
588 3070 640 3148 ut,
676 3064 837 3146 quomodo
860 3063 915 3129 ille
937 3061 1107 3128 infinitivis
1130 3080 1210 3127 usus
1236 3069 1342 3147 esset,

108 3186 206 3250 quam
238 3171 486 3254 diligentissime
519 3177 755 3254 perscrutarer.
804 3168 879 3251 Qua
912 3170 946 3236 in
979 3187 1016 3235 re
1050 3167 1203 3249 cognovi,
1239 3188 1343 3238 usum

216 3346 239 3447 ζ)
259 3343 307 3400 cfr.
327 3344 444 3430 Fischer
461 3363 488 3418 p.
509 3349 543 3405 65
561 3345 635 3402 infra
652 3363 694 3474 sq).
716 3375 749 3386 -
770 3347 791 3413 ²)
810 3343 931 3429 ldadvig,
949 3342 1068 3399 adverse
1086 3341 1182 3397 eritim
1200 3345 1295 3414 2,(516.

220 3419 242 3557 ι))
254 3416 352 3543 iffi
368 3417 530 3556 qffindpiso
545 3423 779 3559 ιιιῖιιιιιιιιιιιΐῗθ
789 3416 924 3571 Qu&
948 3501 1004 3570 quo
1022 3485 1084 3540 loco
1102 3482 1179 3540 idem
1196 3499 1343 3568 annorum

110 3555 210 3626 „,fi,
235 3556 1343 3697 fflaqlittildhflipitilusittil⁵Saliidterhlitltlitfmssm

113 3627 197 3697 atque
216 3645 241 3766 ἕ)
259 3699 411 3802 Forcellini
422 3702 544 3776 (De-vit)
568 3702 682 3767 „Totius
694 3702 855 3759 Latinitatis
869 3700 999 3757 lexicon.
1014 3739 1020 3753 .
1035 3701 1069 3769 .“,
1088 3696 1167 3752 Prati
1185 3698 1343 3770 1858-60,

112 3781 134 3821 Β.
153 3783 180 3823 γ’
199 3769 376 3922 ”guwerra
387 3846 423 3912 (v.
434 3843 764 3916 Frotsoherump.Vsq.)
776 3840 973 3925 vocabulailla
982 3837 1342 3924 ,ImperatorAntonine⁸,

112 3922 185 3978 quae
203 3926 234 3965 1n
252 3913 377 3984 antiquis
396 3915 565 3987 quibusdam
584 3916 753 3973 editionibus
772 3917 837 3986 post
855 3912 1038 3986 praefatroms
1057 3909 1143 3995 verba
1156 3909 1181 3979 (ἓ
1195 3910 1223 3977 5)
1238 3908 1343 3993 ,Quod

112 3977 149 4033 nd
167 3981 213 4036 te“
234 3981 351 4053 legeret,
379 3987 501 4056 genuina
529 4003 592 4043 esse
616 3986 736 4043 credidit
759 4002 847 4058 eaque
874 3999 982 4041 summo
1004 3998 1133 4038 acumrne
1151 3996 1167 4035 e
1186 3979 1343 4062 dubrorum

111 4051 264 4137 verborum
281 4057 414 4140 contextu
434 4059 519 4141 etiam
536 4057 686 4114 restituere
699 4060 815 4113 conatus
834 4059 886 4113 est.
917 4055 1051 4112 Attamen
1068 4053 1099 4108 in
1116 4052 1221 4107 nostris
1239 4067 1343 4108 recen-

112 4124 388 4266 ⁵¹⁰¹1¹btrsrs
402 4128 688 4271 ιιιιιιιιι
706 4123 1204 4268 ιιιιιιιιιιιιιιιιι
1222 4208 1252 4261 ..

217 4265 251 4336 ιο)
270 4265 397 4324 Pauelrer
416 4285 444 4339 p.
463 4272 513 4325 321
544 4268 623 4338 t,der
648 4271 719 4326 etwa
740 4287 776 4325 zu
792 4268 907 4339 Anfang
929 4268 978 4324 des
1002 4197 1108 4322 dritten
1127 4262 1342 4348 Jahrhunderts

109 4333 260 4408 schrieb“).
280 4368 315 4378 -
337 4339 371 4410 ¹²)
389 4339 528 4396 Martinus
548 4339 655 4396 Schanz
684 4339 869 4411 „Geschichte
896 4340 947 4397 der
973 4337 1129 4392 romischen
1153 4334 1343 4419 hittffltlff‘,

108 4404 238 4464 Monachi
259 4411 341 4478 1892,
382 4454 388 4466 .
414 4414 465 4467 194
484 4410 599 4480 (,,Ι)ιιιι
617 4411 701 4467 letzte
724 4411 844 4467 Ansicht
863 4411 976 4467 erachte
994 4408 1040 4463 ich
1059 4407 1105 4463 fiir
1124 4406 1169 4462 die
1196 4405 1340 4475 nchtrge“

111 4476 175 4534 scil:
203 4478 343 4537 Iustinum
360 4427 403 4537 fn
421 4481 533 4539 saeculo
554 4497 616 4539 csse
635 4480 895 4551 adnumerandum).
915 4510 950 4525 -
970 4480 1003 4548 ¹²)
1023 4477 1151 4536 Niebuhr
1168 4477 1187 4533 l.
1206 4475 1225 4531 l.
1244 4493 1273 4546 p.
1295 4482 1342 4537 12.
