2896 4876
599 227 821 290 ...¹13-

229 419 337 502 noris
360 418 414 498 41,
436 428 495 493 11
526 436 746 500 „quamquam
768 417 841 497 plus
866 415 991 497 gloriae
1015 419 1067 481 est
1088 415 1175 481 inter
1193 412 1336 496 Assyria

110 533 144 594 et
170 526 300 593 Medica
322 523 524 605 Persicaque
550 575 557 588 .
584 574 591 589 .
618 574 625 588 .
649 540 752 605 regna
777 572 817 586 ..
855 539 1022 602 emergere
1056 519 1204 602 potuisse
1238 537 1336 601 quam

108 633 289 716 longinqua
311 630 398 696 bella
419 628 570 694 vicisse“.
595 665 639 673 —
662 646 694 693 v.
719 625 883 706 Schinkel,
907 645 939 707 p.
956 624 1009 691 53.
1035 661 1077 673 -
1102 623 1186 692 Cum
1209 643 1272 706 quo
1289 624 1336 690 di-

109 739 205 806 cendi
218 738 315 804 modo
331 736 385 802 hio
401 738 452 800 est
467 735 721 816 comparandus:
739 732 793 814 28,
811 742 837 807 4,
858 742 891 794 14
915 750 995 813 „nec
1009 731 1128 797 minori
1139 731 1202 798 sibi
1213 732 1337 814 gloriae

109 845 190 926 fore,
214 843 243 909 si
268 894 275 909 .
301 895 308 909 .
335 895 342 909 .
366 841 592 923 proderetur“.
820 845 821 848 ’

216 948 318 1030 Apud
339 947 504 1013 Iustinum
527 947 633 1010 solum
657 947 737 1026 puto
760 943 826 1025 legi
848 961 966 1009 nomen
990 943 1247 1015 substantivum:

216 1053 314 1124 nolus
337 1054 391 1134 24,
411 1062 472 1128 11
502 1051 654 1134 „Primus
679 1051 708 1117 ei
729 1051 823 1116 dolus
838 1049 901 1115 fuit
916 1050 1070 1115 simulato
1087 1068 1198 1116 amore
1214 1049 1336 1115 sororis

110 1161 355 1227 matrimonium
379 1158 525 1239 petere“.

420 1350 452 1405 1.
479 1363 586 1405 nomen
605 1348 786 1404 collectivum
805 1347 920 1418 (neutr.
939 1348 1034 1418 gem).

219 1477 285 1548 Hic
311 1475 439 1541 dicendi
465 1475 580 1541 modus
605 1474 755 1540 omnibus
777 1474 979 1556 temporibus
1003 1478 1124 1556 exstat,
1146 1494 1179 1541 u.
1203 1475 1264 1541 Dr.
1287 1475 1333 1556 H,

111 1602 143 1664 p.
160 1581 236 1648 358.
272 1581 405 1648 Gradus
429 1586 541 1647 autem
563 1580 726 1662 positivus
750 1581 838 1662 apud
852 1581 1016 1646 Iustinum
1039 1581 1090 1646 his
1105 1581 1186 1646 locis
1202 1581 1335 1663 legitur:

219 1685 349 1757 11110110
373 1688 461 1769 2,11,
481 1698 515 1751 14
552 1687 662 1770 „Nihil
696 1691 769 1753 erat
796 1687 926 1752 difficile
949 1687 1148 1768 persuadere
1172 1739 1179 1753 .
1206 1738 1213 1753 .
1239 1688 1267 1754 .“
1294 1722 1337 1735 -

110 1795 183 1860 Inv.
208 1795 295 1876 apud
319 1792 387 1860 010,
412 1796 446 1858 01
470 1791 567 1859 Caes.
592 1793 635 1876 (v.
659 1793 785 1859 Lexiea
807 1793 904 1858 modo
928 1791 1056 1876 allata).
1084 1829 1128 1839 -
1155 1792 1200 1859 K.
1224 1792 1337 1858 Kraut

114 1888 264 1982 „Syntax
285 1899 352 1965 und
368 1898 432 1965 Stil
454 1899 511 1965 des
531 1897 693 1981 jiingeren
708 1898 869 1978 Plinius“,
894 1897 1086 1979 Schlinthal,
1112 1898 1209 1980 1812,
1232 1918 1264 1980 p.
1281 1899 1335 1966 31.

111 2041 157 2051 -
178 2005 271 2071 Lohr
292 2025 324 2087 p.
350 2004 390 2069 11
416 2003 535 2089 (lun).
559 2042 603 2052 —
627 2003 904 2088 0101111126.
928 2041 972 2050 —
996 2004 1187 2070 Tertullian.
1211 2025 1243 2087 p.
1262 2005 1336 2072 191.

110 2147 155 2158 -
178 2111 246 2176 Pro
268 2112 430 2177 infinitivo
455 2111 638 2178 enuntiatio
662 2111 858 2177 secundaria
882 2110 1080 2192 eparticula
1098 2113 1173 2192 ,ut“
1191 2110 1336 2193 pendens

110 2217 277 2283 invenitur
301 2219 330 2300 1,
351 2229 377 2294 9,
396 2228 412 2281 6
443 2217 547 2301 „Erat
571 2217 657 2284 enim
681 2217 822 2298 difficile,
846 2221 885 2283 ut
906 2220 1060 2298 parceret
1082 2217 1183 2284 suis“.
1211 2216 1336 2283 -011,

110 2323 172 2389 Dr.
196 2323 242 2404 H,
266 2343 298 2404 p.
323 2323 399 2391 275.

230 2428 456 2512 perniciosum
479 2430 609 2510 6,1,1.1
644 2430 742 2513 „quia
768 2429 915 2511 pluribus
941 2429 975 2496 id
997 2430 1155 2496 mandare
1177 2429 1336 2511 pernicio-

113 2553 188 2600 sum
202 2535 279 2600 sit“.
295 2571 339 2582 -—
356 2535 464 2602 Semel
478 2537 567 2618 apud
583 2535 652 2602 010.
668 2536 798 2618 legitur,
813 2555 845 2602 v.
861 2536 1014 2617 Merguet
1027 2535 1109 2602 Lex.
1127 2534 1195 2601 010.
1213 2554 1239 2602 1.
1256 2536 1288 2601 h.
1304 2554 1336 2601 v.

220 2638 412 2710 indecorum
433 2662 465 2709 1.
490 2661 516 2710 s.
540 2661 573 2708 v.
599 2642 870 2724 ,periculosum“.

220 2745 445 2829 periculosum
463 2749 514 2829 11,
535 2759 621 2824 1111
648 2767 766 2830 „quam
790 2747 848 2832 (se.
872 2748 1020 2831 causam)
1044 2749 1216 2831 neglegere
1237 2746 1284 2812 illi
1303 2751 1338 2812 et

111 2851 302 2918 indecorum
336 2856 371 2917 et
396 2853 615 2934 periculosum
643 2855 748 2921 esse“.
780 2891 825 2900 -
858 2854 915 2920 Ad
936 2872 1051 2919 vocem
1077 2853 1334 2936 „periculosum“

111 2957 234 3040 singuli
269 2956 437 3024 Ciceronis
476 2963 510 3024 et
542 2958 697 3027 Caesaris
734 2961 768 3024 in
806 2958 919 3025 lexicis
953 2959 1017 3025 loci
1050 2958 1269 3025 inveniuntur.
1293 2992 1336 3005 -

111 3081 146 3128 v.
161 3062 339 3129 Kuehnast
353 3083 385 3145 p.
403 3064 479 3132 248.
503 3102 547 3113 -—
571 3065 723 3151 Ozensny
745 3086 777 3148 p.
794 3066 848 3132 26.
872 3102 915 3113 -
940 3064 1073 3132 Gradus
1090 3064 1335 3147 comparativus

112 3170 383 3251 0111011113
414 3171 647 3253 „periculosius
671 3172 784 3238 differe
805 3172 925 3238 bellum
948 3173 1075 3238 ratus“.
1110 3207 1154 3218 —-
1187 3171 1336 3251 Uterque

112 3274 237 3358 gradus
259 3275 313 3356 23,
332 3285 359 3352 3,
377 3290 393 3341 1
424 3278 601 3359 „Romanis
625 3279 844 3360 periculosum
866 3277 1040 3343 videbatur
1063 3276 1242 3343 exercitum
1267 3326 1274 3341 .
1297 3327 1304 3342 .
1327 3327 1334 3342 .

111 3399 179 3446 non
202 3381 352 3463 traicere,
376 3383 590 3464 periculosius
614 3402 635 3450 a
658 3382 771 3449 Sicilia
794 3384 982 3450 decedere“.

221 3487 371 3555 Gradum
394 3490 656 3572 comparativum
679 3490 730 3555 his
753 3489 834 3555 locis
856 3489 1000 3571 repperi:

219 3592 338 3663 11101111
361 3596 393 3676 4,
414 3605 438 3670 3,
458 3605 474 3658 2
503 3594 644 3676 „quippe
666 3598 705 3661 ut
726 3594 863 3677 Reginis
885 3594 1001 3661 melius
1019 3593 1120 3660 fuerit
1133 3593 1221 3659 vinci
1237 3612 1336 3675 quam

110 3696 265 3765 vicisse“.
289 3735 333 3747 -
348 3699 449 3781 Apud
466 3698 534 3766 010.
552 3700 595 3785 (v.
611 3699 687 3782 lex.)
704 3700 888 3766 accusativi
904 3718 978 3765 eum
992 3698 1153 3766 infinitivo
1170 3699 1335 3766 coniuncti

111 3804 315 3871 constructio
339 3809 469 3872 tantum
492 3806 622 3889 legitur.
646 3843 690 3854 -
713 3825 745 3873 v.
771 3806 906 3873 Tertull.
930 3826 963 3888 p.
986 3805 1063 3872 483.

219 3909 392 3994 pulchrius
427 3912 479 3994 16,
499 3922 559 3988 aa
593 3911 768 3994 „omnique
801 3930 902 3994 regno
938 3911 1105 3993 pulchrius
1139 3911 1227 3994 regis
1262 3930 1335 3979 esse

110 4019 242 4098 patrem
265 4018 436 4085 duxerat“.
460 4055 505 4068 -
527 4019 593 4101 Ap.
619 4017 687 4086 010.
711 4018 841 4101 legitur.
866 4055 910 4065 -
932 4037 964 4084 v.
987 4017 1080 4084 Lohr
1094 4037 1126 4099 p.
1143 4018 1186 4081 66
1210 4007 1334 4100 (Stat).

110 4157 157 4168 --
181 4119 332 4206 Ozensny
353 4144 385 4205 p.
409 4124 462 4191 27.

219 4227 558 4312 numennumen
586 4232 650 4314 „gl
684 4233 778 4295 ratus
812 4230 970 4311 repellere
1003 4229 1122 4295 bellum
1150 4247 1247 4310 quam
1270 4246 1336 4294 non

111 4331 320 4401 admittere“.
356 4372 400 4381 -
435 4334 542 4402 Semel
569 4354 622 4416 ap.
648 4334 733 4416 010,
766 4353 934 4416 nunquam
961 4354 1014 4417 ap.
1039 4332 1135 4401 0001.
1159 4333 1334 4414 invenitur,

108 4456 143 4507 v.
166 4439 252 4506 lexx.
