2896 4876
593 239 815 302 ..45-

210 424 362 511 spudeo
376 426 431 506 21,
453 437 480 502 2,
497 438 514 490 0
539 427 723 508 ,spondens
737 445 774 492 se
789 427 1015 509 depositurum
1027 430 1286 512 tyrannidem.-
1361 426 1364 432 ’

104 553 136 599 r.
160 535 221 599 Dr.
244 533 290 611 Π,
313 554 345 614 p.
368 533 444 598 398.

211 642 286 706 Non
309 645 387 705 ante
410 637 648 719 Quintilianum
672 638 793 720 legitur

210 747 306 816 low
327 745 382 824 24,
400 756 462 820 ua
492 745 693 826 „scurriliter
725 745 855 810 iocatus
889 747 1070 827 locupletes
1104 748 1182 815 deos
1206 747 1290 831 largiri

105 853 290 920 hominibus
311 853 497 932 oportere“.
519 887 564 896 -
585 870 617 916 r.
640 851 703 916 lex.
728 848 878 932 Georges
901 870 928 917 s.
951 852 984 918 h.
1008 871 1040 920 v.

211 958 268 1024 Ad
290 977 386 1023 usum
409 957 580 1022 'faciteam
601 956 807 1022 referendum
830 962 882 1023 est

211 1078 341 1134 aomo
364 1063 418 1143 39,
437 1073 464 1138 a,
481 1074 498 1126 6
529 1062 737 1145 ,peregrinos
760 1063 924 1129 exercitus
939 1065 974 1130 in
996 1066 1179 1133 0001010100.
1200 1119 1206 1134 .
1228 1064 1292 1134 ,01-

105 1175 232 1252 duc-tos,
256 1224 264 1237 .
289 1224 297 1236 .
321 1169 527 1252 repudiatam
549 1187 572 1234 a
593 1168 696 1233 fratre
720 1219 728 1234 .
753 1220 760 1234 .
786 1219 794 1234 .
818 1173 956 1251 nuptam
979 1173 1147 1238 accusat.“
1177 1172 1231 1259 (so.
1256 1189 1293 1237 so·

106 1280 226 1361 rorem)
248 1315 293 1323 —
318 1297 350 1343 r,
379 1277 439 1341 Dr.
466 1276 513 1356 H,
547 1295 579 1357 p.
607 1273 683 1339 400.
706 1310 750 1320 —
773 1273 927 1358 Caeusny
959 1296 991 1358 p.
1019 1276 1074 1344 45.
1098 1315 1142 1325 -
1164 1281 1294 1360 Draeger,

106 1385 200 1468 Synt.
224 1385 303 1449 Tac.
327 1404 359 1464 p.
383 1383 437 1446 61.

224 1492 319 1556 llere
344 1489 475 1554 iurandi
500 1488 590 1552 notio
617 1486 712 1568 quasi
739 1493 880 1570 augetur
901 1489 965 1555 hoc
986 1490 1161 1556 verborum
1184 1504 1295 1556 conexu:

225 1611 267 1665 so
288 1596 362 1664 lura
384 1592 525 1663 lmndo
549 1594 617 1674 (rel
632 1593 942 1675 mulionibus)
961 1593 1188 1679 ohsumgere:
1209 1599 1236 1679 3,
1252 1603 1296 1672 11

107 1703 240 1785 (omisso
263 1701 439 1782 subiectot)
465 1704 546 1780 ,11,
564 1752 572 1765 .
590 1751 598 1764 .
621 1698 819 1781 gravissima
841 1719 878 1766 se
894 1703 1121 1769 exsecratione
1145 1704 1298 1771 obstrinxe-

107 1809 184 1890 rint,
218 1826 284 1873 non
306 1808 398 1888 prius
422 1858 430 1872 .
455 1859 463 1872 .
487 1807 710 1871 rerersuros“.
734 1842 779 1853 —
801 1825 833 1873 v.
861 1808 923 1873 lex.
948 1805 1098 1891 Georges
1122 1829 1148 1876 s.
1171 1812 1202 1878 h.
1223 1829 1250 1876 v.
1268 1838 1302 1857 ν

106 1917 291 1981 Insolenter
306 1915 407 1980 talem
423 1912 550 1978 dicendi
565 1912 726 1978 rationem
742 1913 906 1992 particula
923 1915 998 1995 „ut“
1017 1916 1167 1996 sequitur
1183 1919 1231 1999 11,
1242 1927 1263 1992 a,
1278 1920 1305 1976 10

110 2022 217 2103 „quod
228 2021 300 2086 iure
311 2019 450 2085 iurando
463 2038 499 2084 se
513 2036 625 2083 omnes
641 2018 888 2101 obstrinxerint,
904 2024 943 2085 ut
954 2021 1085 2086 Thebas
1101 2015 1310 2096 diruerent“.¹)

106 2164 150 2173 -
172 2147 204 2193 v.
228 2128 288 2193 Dr.
312 2126 357 2205 IL
393 2144 424 2206 p.
449 2124 524 2189 248.
548 2161 592 2171 -
614 2124 755 2190 Passive
788 2125 851 2190 hoc
884 2125 1020 2191 verbum
1054 2133 1245 2210 usurpatum
1267 2124 1315 2193 001

106 2235 138 2314 5,
162 2244 203 2309 10,
225 2244 255 2295 11
289 2249 421 2313 „omnes
444 2230 676 2296 iureiurando
700 2231 959 2314 obstringuntur,
987 2232 1224 2301 discordiarum
1245 2231 1322 2300 obli⁴

105 2339 236 2405 vionem
259 2339 361 2403 fore“.

223 2444 325 2527 Apud
346 2444 510 2510 Iustinum
533 2445 640 2510 solum
661 2450 742 2527 puto
766 2450 912 2512 exstare:

223 2551 314 2620 lacto
339 2550 392 2633 12,
418 2562 495 2628 115
525 2551 709 2633 ,iactantes
731 2552 845 2618 hostes
870 2605 878 2618 .
903 2605 911 2620 .
935 2552 1132 2620 subiectos“.

225 2657 336 2740 alege
354 2657 406 2738 16,
433 2669 457 2731 1,
477 2667 510 2720 10
540 2657 702 2739 „priorem
721 2676 758 2724 se
772 2659 912 2740 petitum
930 2710 937 2725 .
955 2708 963 2725 .
979 2659 1113 2742 allegat,
1136 2679 1198 2728 nec
1212 2661 1323 2728 1001000

107 2784 155 2846 se,
179 2765 237 2831 sed
262 2782 442 2846 occupasse
464 2764 634 2830 insidias“.

224 2871 323 2935 Vices
345 2869 438 2936 verbi
460 2870 616 2952 minandi,
640 2871 727 2952 quod
748 2870 856 2952 ipsum
879 2888 932 2953 ap.
955 2871 983 2936 Ι.
1007 2890 1076 2938 acc.
1101 2890 1129 2938 0.
1157 2872 1214 2941 inf.
1244 2874 1321 2940 coni.

106 2994 172 3042 non
195 2975 361 3054 adsciscit,
385 2976 495 3056 explet
517 2977 570 3042 vb.

225 3078 341 3149 sodho
364 3079 396 3162 5,
417 3090 443 3157 3,
462 3092 478 3144 7
509 3101 564 3163 „se
587 3101 661 3148 cum
676 3083 823 3149 exercitu
837 3084 1044 3150 venturum“‚
1076 3082 1173 3165 Quod
1194 3087 1327 3153 verbum

110 3207 184 3254 cum
199 3187 364 3270 significat
383 3207 461 3269 „per
474 3188 606 3254 litteras
620 3190 811 3272 mendare“,
832 3189 964 3272 saepius
978 3209 1088 3256 merus
1104 3191 1328 3260 coniunctius

110 3294 271 3375 sequitur:
289 3293 320 3375 2,
339 3304 381 3369 15,
400 3303 417 3355 8
448 3294 594 3376 „legatos
606 3295 785 3362 vinciant“.
798 3333 842 3343 —
854 3296 885 3378 2,
904 3305 946 3373 15,
966 3306 1007 3360 15.
1032 3297 1084 3379 11,
1104 3306 1131 3375 8,
1150 3309 1175 3361 6.
1196 3300 1250 3381 14,
1263 3309 1289 3378 5,
1306 3310 1328 3362 a.

109 3401 163 3481 31,
189 3411 213 3475 1,
231 3410 256 3463 6.

227 3494 464 3566 iureiurando
488 3494 626 3580 augere
650 3498 741 3584 alum
763 3501 794 3581 8,
818 3510 844 3576 4,
865 3511 895 3563 11
925 3500 1001 3583 (om.
1026 3500 1126 3583 subit)
1158 3501 1249 3583 ,iure
1271 3503 1330 3569 iur.

110 3602 238 3670 adactis
253 3619 447 3684 responsum
462 3604 584 3669 nemini
598 3605 819 3686 prodituros“.
843 3643 887 3652 -
910 3604 1068 3672 Similiter
1082 3607 1114 3689 3,
1131 3617 1158 3684 3,
1180 3619 1210 3670 11
1244 3608 1331 3691 „iure

108 3708 169 3775 iur.
195 3708 345 3790 obligat
368 3707 548 3791 civitatem,
571 3709 651 3775 nihil
675 3729 731 3776 eos
757 3763 763 3777 .
789 3764 796 3778 .
820 3713 1039 3779 mutaturos“.

492 3867 559 3934 111.
604 3869 722 3935 Verba
742 3870 943 3939 voluntatis.

216 3974 376 4042 Omnibus
398 3976 600 4057 temporibus
623 3977 709 4042 hanc
732 3979 1009 4044 constructionem
1032 3978 1212 4045 admittunt

215 4080 303 4150 volo.
344 4081 533 4148 Subiectum
567 4083 668 4149 verbo
696 4083 827 4150 volendi
848 4104 915 4151 non
938 4090 990 4151 est
1011 4086 1098 4152 idem
1121 4087 1209 4167 quod
1233 4106 1333 4153 enun-

217 4240 239 4310 ι1
259 4237 356 4296 Solum
373 4237 513 4294 Iustinum
536 4239 621 4296 etiam
643 4239 762 4295 verbum
786 4244 919 4309 ,vovere‘
943 4241 1165 4312 cum'particula
1184 4245 1249 4311 ,ut“
1270 4260 1334 4301 con·

110 4314 220 4368 struere
232 4314 287 4382 (21,
299 4318 320 4372 3,
333 4317 347 4361 2
361 4311 521 4379 ,voverunt
531 4311 556 4365 si
565 4310 684 4366 victores
694 4308 794 4381 forent,
808 4315 840 4368 ut
849 4353 870 4369 ..
880 4312 1003 4383 virgines
1019 4327 1085 4368 suos
1094 4313 1333 4386 prostituerenr.)

110 4383 237 4454 liraeger
254 4381 353 4439 eodem
370 4379 431 4437 loco
449 4378 540 4436 aden.
560 4411 594 4422 -
612 4396 638 4436 r.
656 4379 775 4437 Fischer
792 4398 821 4453 p.
839 4384 883 4452 51,
900 4391 920 4435 0.
