2896 4876
648 252 871 316 ..64-

149 441 293 526 tempus)
318 442 410 508 dare
434 443 477 507 ad
499 442 586 523 alqd.
609 440 829 522 faciendum“,
852 460 948 507 nemo
971 459 1037 508 non
1053 441 1227 509 concedet:
1255 443 1390 525 24,1,1

153 546 368 628 „deliberavit
385 598 418 613 ..
442 566 486 613 an
503 599 538 614 ..
567 547 711 628 spatium
739 546 781 612 ad
809 547 1022 613 resumendas
1056 547 1146 613 vires
1182 548 1318 615 daret“.
1342 588 1393 597 -

150 670 182 716 v.
206 651 251 719 K.
275 653 324 734 H,
362 653 378 715 1
404 672 436 734 p.
459 651 537 716 560.
561 689 605 698 -
629 650 738 732 Quam
761 652 1011 734 significationis
1034 653 1256 719 mutationem
1280 656 1391 721 verbo

154 757 271 839 ,dare“
298 758 383 823 effici
405 763 556 839 apparet.

257 864 397 948 Legitur
419 868 530 929 autem
557 863 620 945 „ad
643 864 761 929 finale“
785 882 860 930 cum
880 864 1061 947 gerundivo
1077 864 1293 932 coniunctum
1309 873 1394 948 post

151 971 234 1036 haec
256 969 372 1035 verba:

257 1073 374 1144 Verba
394 1071 558 1143 movendi.
600 1073 866 1140 Usitatissimum
882 1077 934 1140 661
948 1075 1086 1141 verbum
1100 1075 1225 1157 mitto,
1241 1077 1279 1142 in
1297 1078 1391 1159 quod

152 1180 253 1246 vicies
287 1187 406 1262 quater
438 1179 552 1245 incidi:
595 1180 625 1260 1,
644 1188 706 1256 8‚5
736 1179 858 1261 „lilium
892 1180 935 1245 ad
968 1180 1206 1262 insequendum
1233 1201 1312 1248 eum
1343 1235 1350 1250 .
1381 1235 1391 1250 .

154 1285 289 1352 mitt-ir.
323 1323 368 1332 —
392 1287 422 1367 1,
442 1296 468 1362 9,
486 1295 512 1348 3.
553 1285 585 1366 2,
606 1296 648 1359 12,
666 1295 692 1348 6.
737 1285 867 1366 2,15,1
900 1287 1010 1353 11.-
1043 1286 1074 1352 Ε
1107 1287 1210 1353 verbo
1244 1289 1392 1370 passive

154 1397 313 1473 usmpato
350 1391 431 1474 „ad“
468 1409 621 1473 praepos,
644 1391 696 1456 his
718 1390 799 1456 locis
823 1394 904 1474 apta
926 1397 992 1458 est:
1027 1390 1158 1474 5,1o,e
1194 1394 1257 1476 ,ad
1295 1396 1391 1475 quod

154 1497 432 1578 comprimendum
457 1548 491 1563 ..
515 1515 574 1562 rex
596 1496 773 1563 mittitur“.
797 1534 841 1543 —
864 1496 896 1578 9,
916 1507 941 1574 2,
961 1508 1004 1561 16.
1051 1499 1103 1580 16,
1124 1508 1150 1572 3,
1171 1508 1204 1562 19
1239 1499 1392 1581 „missus

154 1602 198 1667 ad
243 1602 501 1683 extorquendum
546 1602 634 1683 quod
672 1603 889 1685 negabatur“.
928 1640 973 1650 —
1012 1603 1064 1685 18,
1087 1615 1159 1682 2,1.
1215 1603 1270 1686 21,
1307 1617 1333 1682 1,
1360 1617 1391 1669 4.

156 1707 316 1789 32,3,13.
346 1706 791 1824 42,4,5.-.611.18,1,1
824 1708 1057 1789 ,decimam..
1083 1710 1169 1775 16116
1194 1761 1201 1776 .
1226 1761 1234 1776 .
1258 1712 1391 1779 missus

154 1815 296 1880 fuerat“.

261 1919 402 2001 Reliqua
412 1919 515 1985 verba
529 1919 682 1985 movendi
697 1921 883 1986 sunthaec:
900 1920 1033 1987 remitto
1050 1920 1082 2003 3,
1100 1932 1127 1996 4
1147 1933 1173 1986 3.
1194 1960 1237 1970 -
1250 1923 1392 1992 dimitto

157 2025 275 2112 (pase.)
284 2026 339 2107 34,
358 2036 385 2101 3,
403 2037 430 2088 1.
448 2024 643 2091 -admitto
656 2023 774 2111 (pass.)
793 2026 823 2107 1,
843 2036 869 2100 3,
888 2037 914 2090 2.
933 2045 1075 2093 -voco
1097 2027 1211 2112 (pass)
1236 2029 1292 2111 31,
1314 2040 1341 2108 5,
1361 2042 1392 2094 2.

158 2170 201 2179 -
224 2151 325 2198 evoco
349 2130 470 2217 (pass.)
493 2131 525 2212 9,
545 2142 572 2207 5,
593 2144 619 2194 1.
636 2169 680 2179 -
703 2150 824 2198 revoco
848 2132 902 2214 29,
921 2143 948 2209 4,
966 2143 992 2199 6.
1010 2169 1054 2179 -
1078 2133 1194 2218 (pass.)
1219 2135 1272 2217 38,
1296 2147 1393 2213 111.

157 2238 315 2304 —aceio
339 2236 455 2323 (pass.)
481 2238 875 2319 12,6,11.-611116116
901 2238 1129 2321 12,14,6.-
1152 2240 1300 2308 animum
1336 2242 1390 2308 in-

159 2344 258 2410 tendo
281 2343 335 2424 21,
355 2355 379 2409 1.
398 2352 425 2406 4
443 2381 487 2391 -
510 2342 682 2410 Similiter:
706 2343 854 2426 relinquo
879 2344 994 2429 (pass.)
1018 2344 1073 2427 25,
1093 2357 1119 2420 1,
1137 2357 1163 2410 2.

263 2447 381 2518 Verba
406 2447 518 2518 eund:
553 2467 592 2516 eo
617 2450 790 2530 11,1o,1o.
818 2486 863 2496 -
885 2468 964 2516 coeo
994 2450 1047 2531 13,
1067 2461 1093 2528 2,
1110 2462 1136 2515 4.
1155 2487 1199 2497 -
1222 2469 1393 2520 concurro

157 2557 189 2638 5,
211 2567 235 2633 1,
254 2566 279 2621 5.
297 2566 322 2618 9.
350 2555 404 2636 43,
424 2566 451 2632 5,
468 2565 495 2619 4.
513 2574 707 2622 —excurro
732 2555 785 2637 13,
805 2566 830 2633 5,
849 2569 874 2620 1.
893 2556 1128 2638 -oonfluol,
1147 2568 1174 2634 1,
1194 2566 1219 2621 9.
1240 2557 1270 2638 1,
1303 2569 1332 2634 6,
1360 2571 1392 2622 4.

157 2700 200 2710 -
216 2663 354 2729 convolo
370 2661 425 2744 33,
444 2673 470 2739 2,
490 2671 516 2725 3.
534 2698 577 2708 -
590 2661 752 2728 contendo
769 2661 823 2744 20,
841 2672 868 2738 4,
887 2672 913 2726 4.
955 2663 1009 2744 36,
1027 2673 1055 2740 4,
1075 2674 1116 2727 10.
1130 2699 1172 2710 —
1192 2663 1392 2745 proficiscor

158 2771 297 2853 3,4‚10.
345 2771 490 2850 11,1,6.
526 2768 578 2850 13,
599 2779 624 2842 1,
643 2777 668 2831 3.
699 2768 753 2849 21),
771 2779 798 2844 4,
817 2778 907 2832 3.-
930 2768 1026 2835 venio
1050 2768 1083 2851 9,
1103 2778 1128 2844 2,
1149 2780 1191 2831 11.
1221 2769 1322 2850 11,9,
1344 2781 1390 2834 13.

157 2876 211 2958 38,
229 2886 256 2950 6,
275 2885 299 2938 6.
339 2876 394 2957 41,
412 2886 440 2950 4,
459 2885 483 2938 9.
523 2873 578 2954 42,
599 2883 625 2949 5,
645 2883 686 2936 10.
721 2909 765 2919 -
801 2877 952 2940 revertor
991 2874 1023 2954 6,
1042 2884 1068 2951 5,
1086 2885 1112 2937 6.
1131 2910 1176 2919 -
1199 2873 1328 2941 1116161
1353 2875 1391 2957 2,

159 2992 202 3060 12,
222 2993 264 3045 19.
285 3018 330 3028 -
344 2980 490 3062 irrumpo
516 2979 568 3062 13,
588 2979 849 3055 34,-11661116
875 2978 928 3061 12,
951 2990 994 3054 11,
1012 2989 1037 3042 6.
1061 3015 1104 3026 -
1120 2976 1292 3045 Similiter:
1318 2981 1389 3046 dux

159 3088 297 3154 exsisto:
322 3088 375 3169 16,
397 3096 484 3162 1,13.
507 3122 551 3133 -
574 3103 728 3151 remaneo
752 3085 829 3167 2‚4‚
850 3094 891 3147 16.
915 3102 1153 3166 -supersum
1176 3082 1230 3166 21,
1249 3095 1276 3160 4,
1294 3094 1322 3148 3.
1341 3123 1388 3132 -

262 3189 502 3263 3611611111
525 3193 559 3261 et
581 3187 782 3276 accipiendi:
806 3190 847 3256 do
871 3190 902 3271 3,
923 3201 948 3266 1,
967 3199 992 3252 9.
1012 3225 1056 3236 -
1079 3188 1164 3255 addo
1188 3188 1303 3273 (pass.)
1332 3191 1390 3273 13,

158 3312 309 3377 4,11.—
336 3299 478 3381 adiungo
512 3296 820 3378 42,3,1.-11116
855 3292 972 3380 (pass.)
1007 3294 1063 3376 39,
1081 3304 1109 3371 4,
1126 3306 1153 3358 4.
1172 3331 1215 3342 ·—
1251 3294 1386 3362 confero

158 3406 214 3487 43,
232 3415 258 3482 5,
277 3416 302 3468 9.
321 3443 365 3452 -
399 3404 529 3471 obtineo
553 3404 586 3484 2,
604 3413 631 3479 4,
651 3412 694 3466 33.
716 3438 760 3448 -
784 3400 910 3482 excipio
939 3397 1059 3485 (pass.)
1094 3399 1149 3481 39,
1170 3411 1194 3472 1,
1213 3410 1238 3463 6.
1257 3437 1303 3447 -
1327 3401 1387 3468 ad-

159 3512 252 3594 quiro
275 3514 352 3592 41,
373 3521 397 3573 1.

263 3618 368 3699 Finis,
391 3617 434 3682 ad
459 3634 555 3697 quem
579 3614 656 3697 quid
679 3615 727 3696 fit,
750 3613 802 3678 his
826 3630 955 3695 quoque
971 3611 1053 3677 locis
1076 3628 1231 3693 praepos.
1255 3609 1338 3694 „ad“
1358 3630 1388 3679 e.

159 3723 338 3808 gerundivo
363 3723 539 3789 coniuncta
556 3720 768 3802 exprimitur:
795 3720 825 3800 1,
845 3729 871 3793 9,
891 3728 924 3781 12
940 3717 1085 3801 „tributa
1106 3715 1331 3798 permittere“.
1345 3754 1389 3764 —

161 3832 213 3913 11,
234 3840 278 3908 10,
295 3841 320 3895 9.
368 3830 421 3910 11,
441 3838 484 3905 14,
502 3839 528 3891 4.
581 3827 634 3909 12,
667 3834 693 3902 2,
721 3837 749 3889 4.
807 3826 968 3905 14,1,11.
1020 3823 1179 3905 11,2,13.
1225 3820 1279 3903 21,
1308 3831 1335 3898 3,
1363 3832 1397 3886 s..

160 3938 214 4019 24,
233 3947 259 4014 9,
278 3947 303 4000 6.
344 3935 398 4017 24,
419 3947 443 4012 1,
463 3944 488 3998 5.
519 3942 559 3996 19.
605 3932 660 4014 26,
679 3943 705 3999 3,
725 3941 750 3994 2.
791 3930 845 4011 33,
865 3940 891 4006 2,
908 3940 934 3992 4.
976 3929 1030 4009 34,
1049 3938 1076 4006 2,
1095 3938 1120 3991 9.
1160 3927 1214 4008 36,
1245 3939 1268 4001 1,
1297 3936 1322 3989 a.

266 4041 441 4110 Genitivus
467 4038 617 4122 gerundii
643 4039 697 4104 vel
722 4034 893 4120 gerundivi
920 4035 1183 4116 supplementum
1210 4036 1261 4098 est
1284 4033 1381 4099 attri-

159 4149 307 4217 butivum
329 4147 469 4214 nominis
493 4143 693 4211 substantivi
715 4143 768 4208 vel
791 4139 955 4207 adiectivi.

265 4253 294 4324 1.
318 4254 496 4322 Genitivus
519 4249 669 4334 gerundii
692 4247 780 4331 apud
794 4244 959 4312 Iustinum
981 4245 1065 4310 haec
1080 4244 1229 4325 sequitur
1251 4241 1386 4310 nomina

160 4362 384 4432 substantiva:
414 4371 446 4443 a)
469 4357 663 4441 gerundium
687 4354 814 4421 obiecto
837 4355 952 4419 vacat:
975 4354 1126 4432 potestas
1151 4349 1204 4430 11,
1223 4360 1282 4425 4,1
1316 4349 1384 4431 ,di-
