2888 4890
595 263 815 323 ..gp„.

203 457 382 523 Ablativus
405 454 554 537 gerundii
577 453 665 534 apud
680 454 843 518 Iustinum
865 470 1026 535 persaepe
1048 453 1139 517 velut
1155 450 1320 517 ablativus

89 563 307 630 instrumenti
331 582 361 643 q.
379 582 410 628 v.
429 565 622 642 usurpatur:
646 569 678 642 0)
702 561 854 625 obieoto
878 578 951 624 non
975 559 1172 641 apposito:
1197 557 1229 637 2,
1257 566 1318 631 1,3

91 690 156 752 „ne
192 674 251 736 aut
284 668 425 734 tacendo
459 686 576 750 parum
608 666 834 747 reipublicae
863 667 1049 732 oonsuleret
1076 669 1135 730 aut
1157 662 1319 730 oensendo

90 777 273 843 offenderet
288 775 383 840 sibi‘.
400 810 442 820 -
459 773 491 853 2,
515 784 557 848 11,
578 783 610 836 13
633 773 813 853 „vinoendo
833 771 998 854 fatigati‘.
1023 808 1066 817 —
1089 771 1185 836 simil.
1202 771 1233 851 6,
1250 780 1275 846 3,
1294 779 1319 833 5.

92 885 148 964 14,
166 892 192 959 3,
211 893 237 946 6.
259 918 299 931 —
323 880 355 960 2,
377 891 418 955 15,
437 890 452 942 6
477 878 562 944 diem
585 878 625 944 do
648 878 700 944 die
723 877 967 959 proferendo..
987 877 1045 944 ,in
1068 897 1137 944 rem
1153 877 1321 958 sapienter

91 988 325 1055 consulendo&
342 1024 385 1035 -
401 986 433 1067 3,
453 995 478 1061 5,
498 995 514 1048 8
543 983 772 1066 „pugnando“.
790 1017 833 1030 -
850 982 976 1049 Contra
991 983 1045 1064 32,
1067 996 1091 1059 1,
1110 995 1126 1048 5
1154 983 1319 1050 ablativus

92 1095 314 1179 „pugnando“
338 1112 404 1159 non
429 1092 594 1158 ablativus
617 1090 826 1156 instrumenti
848 1090 1085 1174 intellegendus
1101 1083 1244 1172 est,‘sed
1259 1109 1319 1173 pro

89 1201 266 1285 participio
290 1199 476 1282 praesentis
502 1198 695 1280 „pugnans“
720 1195 902 1262 adhibitus:
932 1215 1018 1277 „non
1042 1197 1121 1277 quia
1142 1198 1318 1280 pugnando

89 1310 181 1376 vitae
194 1306 410 1390 pepercerit‘.
434 1341 478 1351 —
502 1304 545 1389 (v.
562 1305 622 1370 Dr.
639 1303 684 1383 Π,
700 1323 731 1384 p.
746 1303 821 1385 841,
840 1313 865 1377 1,
885 1321 915 1368 3.
933 1339 976 1349 -
992 1303 1036 1369 K.
1049 1303 1095 1384 Π,
1114 1304 1130 1365 1
1145 1324 1176 1385 p.
1190 1303 1253 1368 561
1269 1324 1317 1386 sq.

88 1453 136 1463 -
157 1415 263 1481 11111011
286 1434 316 1495 p.
335 1413 377 1476 17
399 1411 460 1495 sq.)
485 1446 528 1456 —
554 1410 606 1490 12,
626 1421 651 1485 1,
671 1417 687 1471 8
715 1428 773 1490 „se
789 1409 953 1490 parcendo
972 1461 979 1475 .
998 1461 1005 1476 .
1023 1410 1258 1477 consuluisset
1275 1447 1319 1457 -

90 1521 146 1602 23,
166 1531 192 1595 2,
210 1529 236 1583 8.
256 1518 309 1600 24,
328 1529 354 1592 3,
373 1528 398 1582 8.
422 1517 475 1598 31,
495 1526 521 1592 6,
539 1526 564 1578 0.
588 1515 642 1595 43,
663 1525 688 1590 3,
708 1524 723 1578 5
754 1515 944 1596 „piseando,
967 1515 1154 1597 mercando,
1177 1517 1317 1607 plerum·

90 1646 155 1709 que
179 1624 280 1691 etiam
303 1623 476 1690 latrocinio
500 1622 653 1687 maris..
677 1621 782 1686 vitam
806 1622 1025 1687 tolerabant“.
1058 1619 1122 1702 Qui
1137 1624 1229 1688 loeus
1245 1623 1317 1689 illos

93 1731 259 1799 ablativos
283 1729 432 1812 gerundii
455 1728 560 1794 nudos
583 1728 669 1793 idem
692 1728 803 1792 131010
827 1745 867 1792 30
890 1728 1071 1793 ablativum
1086 1728 1226 1794 nominis
1243 1730 1317 1806 sub·

93 1838 233 1905 stantivi
250 1837 466 1903 demonstrat.
482 1855 516 1902 v.
531 1836 660 1915 Rotter,
682 1854 715 1914 p.
732 1834 784 1898 14.
800 1869 844 1880 -
867 1841 896 1916 t)
920 1835 1118 1900 ablativus
1138 1835 1319 1917 gerundii

91 1946 289 2010 obiectum
325 1962 433 2008 suum
467 1941 572 2024 regit
605 1939 650 2025 (v.
675 1941 736 2006 Dr.
759 1941 805 2020 H,
839 1960 871 2021 p.
901 1940 978 2023 848)
1007 1950 1033 2008 1.
1070 1959 1183 2007 oasum
1206 1960 1316 2009 aeeus.

90 2052 122 2132 6,
144 2062 203 2128 31
234 2050 327 2131 „illos
367 2048 526 2114 vincendo
560 2046 684 2112 Persas
719 2046 862 2126 patriam
902 2046 1097 2127 defendisse,
1133 2066 1168 2113 se
1185 2048 1314 2114 Persas

89 2157 234 2222 victores
261 2155 410 2221 faoiendo
438 2153 668 2219 restituturum
695 2151 839 2232 patriam
863 2153 968 2218 esse“.
992 2189 1036 2197 —
1060 2151 1172 2233 8,1,3
1201 2154 1314 2234 „auxi-

88 2263 169 2328 lium
202 2260 410 2327 inferioribus
445 2259 610 2324 ferendo“.
646 2294 691 2303 —-
727 2259 778 2337 14,
804 2268 829 2333 2,
850 2267 882 2320 11
915 2258 1097 2338 „monendo
1136 2259 1314 2342 singulos‘.
1402 2334 1403 2339 .

89 2387 196 2452 „quae
232 2385 405 2449 perperam
441 2365 531 2430 faeta
565 2370 660 2429 erant
694 2362 812 2429 blande
848 2363 1072 2447 corrigendo“.
1096 2402 1141 2411 -
1165 2366 1216 2446 14,
1245 2376 1271 2440 3,
1290 2377 1314 2430 0.

87 2476 142 2556 11,
161 2485 187 2550 3,
208 2484 249 2537 10.
274 2473 327 2553 22,
349 2481 375 2547 3,
396 2484 420 2535 1.
440 2471 493 2552 38,
514 2481 602 2546 3,11.
626 2505 670 2514 -
693 2477 724 2535 2.
751 2467 880 2535 Obieoti
894 2471 1002 2535 loeum
1018 2475 1110 2536 10101
1133 2472 1315 2539 3001031111

88 2599 116 2647 0.
142 2580 198 2647 ini.
224 2579 306 2646 0011.
332 2577 548 2644 sonstruotio:
578 2579 632 2658 24,
652 2586 712 2643 33
741 2576 860 2658 „aliter
882 2595 918 2642 00
941 2595 1057 2659 paoem
1081 2578 1235 2645 daturum
1257 2599 1313 2646 ne·

86 2686 230 2770 gando“.
253 2722 298 2731 -
322 2686 375 2766 30,
394 2696 421 2759 4,
440 2695 465 2747 0.
484 2694 509 2748 3.
537 2719 581 2728 -
604 2692 632 2751 3.
654 2700 751 2748 easus
772 2682 904 2749 dativus
921 2689 1045 2749 exstat:
1071 2683 1102 2765 2,
1126 2695 1167 2757 13,
1189 2696 1221 2748 10
1239 2705 1313 2768 „eo-

86 2792 220 2858 natibus
245 2792 376 2858 obviam
399 2789 538 2857 eundo“.
561 2826 605 2835 -
628 2788 682 2869 39,
704 2799 729 2865 3,
748 2798 765 2852 3
794 2789 968 2871 „hostique
983 2788 1105 2855 sororis
1129 2790 1312 2858 nubendo“.

87 2935 133 2946 -
156 2908 181 2981 0)
208 2897 402 2963 obiootum
438 2916 456 2962 e
489 2896 694 2962 verborum
728 2899 916 2960 contextu
955 2895 1209 2977 supplendum
1237 2901 1312 2964 est:

87 3003 220 3086 2,13,0
254 3003 467 3084 „retinendo“
504 3002 562 3084 (so.
590 3001 715 3083 hostes)
744 3037 788 3046 -
818 2999 869 3081 12,
894 3009 972 3076 315
1006 3001 1215 3082 „onerand0“
1251 3002 1312 3090 (so.

86 3109 281 3195 fortunam).
304 3146 349 3156 -
370 3111 423 3175 De
447 3109 510 3175 abl.
535 3107 685 3192 gerundii
708 3126 739 3174 v.
764 3108 824 3174 Dr.
848 3107 894 3188 Π,
918 3127 949 3188 p.
974 3107 1038 3172 846
1062 3127 1133 3189 sqq.

195 3217 254 3282 Bis
279 3216 445 3282 invenitur
459 3214 623 3281 ablativus
639 3212 849 3279 instrumenti
865 3212 1050 3295 gerundivi:
1076 3214 1129 3295 36,
1152 3226 1178 3290 4,
1197 3223 1214 3276 4
1238 3233 1311 3297 „oe-

86 3323 199 3404 risque
221 3321 381 3406 fingendis
406 3327 440 3388 et
463 3339 539 3387 aere
562 3319 725 3385 fundendo
749 3320 1023 3402 proeudendoque
1052 3319 1311 3386 obleotabatur“.

87 3465 133 3475 -
155 3428 210 3510 43,
231 3438 309 3502 313
332 3426 496 3509 „periculo
520 3425 741 3508 propulsando
764 3425 798 3490 in
821 3428 951 3491 tantum
975 3425 1172 3506 enituerunt,
1195 3431 1233 3492 ut
1257 3429 1312 3493 ..“

87 3570 132 3582 -
155 3553 187 3599 v.
211 3533 272 3599 Dr.
296 3533 341 3613 Π,
365 3553 396 3614 p.
422 3532 486 3596 849
510 3551 580 3613 sqq.

196 3638 374 3705 Ablativus
398 3638 570 3721 gerundivi
592 3636 713 3720 pendet
741 3657 759 3703 e
786 3636 1083 3719 praepositionibus
1114 3639 1189 3720 ,,3“,
1218 3639 1313 3720 ,,(10“,

88 3746 178 3829 ,,11“,
207 3765 346 3828 quarum
374 3745 482 3827 prima
505 3746 606 3810 semel
628 3744 762 3827 legitur:
792 3743 822 3825 2,
842 3753 903 3821 34
931 3745 1086 3825 „paulum
1110 3763 1131 3811 a
1154 3745 1314 3828 sapienda

86 3852 168 3918 urbe
192 3852 308 3932 afirit“,
333 3888 371 3898 -
399 3853 505 3917 311013
521 3850 625 3915 tribus
640 3851 721 3915 loeis
746 3856 871 3918 exstat:
897 3851 928 3932 2,
949 3862 974 3927 1,
993 3860 1009 3914 3
1038 3851 1089 3933 „si
1111 3851 1184 3933 quis
1207 3853 1313 3935 legem

86 3959 127 4025 de
151 3957 350 4024 vindioanda
372 3958 480 4024 insula
502 3956 665 4022 tulisset“.
691 3993 734 4002 -
757 3957 811 4038 31,
832 3968 892 4034 1,1
920 3977 1046 4040 „noque
1070 3957 1110 4023 de
1124 3958 1312 4023 redimendo

86 4064 153 4131 filio
177 4083 322 4145 unquam
346 4063 506 4130 tractavit
528 4081 613 4128 100.
632 4062 662 4128 .“
686 4098 730 4109 -
753 4063 806 4143 31,
826 4073 885 4140 3,1
916 4082 1002 4145 „non
1023 4064 1062 4131 de
1077 4065 1231 4146 regendo,
1255 4064 1313 4129 sed

86 4172 127 4237 de
151 4171 301 4253 augendo
326 4188 427 4252 regno
444 4168 636 4251 cogitavit“.
661 4205 705 4214 —
727 4168 841 4234 Tertia
855 4170 1056 4252 praepositio
1080 4170 1156 4251 „in“
1180 4168 1312 4251 saepius

85 4276 254 4343 invenitur
280 4285 310 4350 1)
336 4276 379 4342 ad
406 4274 670 4358 significandum,
699 4274 820 4355 quain
843 4295 879 4341 re
902 4277 1044 4357 qualitas
1069 4276 1230 4358 quaedam
1253 4293 1310 4357 ap·

85 4387 220 4464 pareat:
245 4380 357 4462 1331
387 4382 441 4461 „in
465 4379 675 4446 conciliandis
699 4379 918 4447 amicitiarum
942 4381 1058 4448 studiis
1082 4400 1180 4463 quam
1203 4380 1236 4446 in
1259 4400 1310 4446 re·

1118 4486 1152 4540 5¹}
