2896 4876
610 231 831 294 ...11-

116 410 227 493 priore
249 408 409 474 infinitivo
433 406 518 473 alter
536 405 711 488 penderet;
747 405 838 471 cuius
866 404 914 470 rei
943 405 1090 485 exemplo
1117 405 1196 472 illud
1222 407 1342 474 Iustini

117 517 217 582 liceat
244 533 330 581 esse:
368 514 421 595 11,
441 523 500 589 6‚9
529 512 721 595 „gloriosius
752 515 850 577 ratus
883 512 1041 593 repellere
1075 513 1226 580 bellum“.
1271 516 1342 580 Nec
1412 579 1414 585 .

117 640 194 688 raro
217 621 396 702 scriptores
418 618 561 701 priorem
582 618 673 684 illam
696 636 810 684 vocem
836 618 948 701 „esse“
983 623 1161 701 propteroa
1192 624 1340 702 praeter·

117 728 247 794 misisse
268 727 432 806 videntur,
455 729 494 790 ut
516 725 622 789 oratio
646 723 761 790 melius
785 728 920 790 sonaret
935 742 1018 791 neve
1037 727 1155 807 copula
1170 726 1342 808 dupliciter

117 833 266 900 adhibita
288 850 386 898 aures
410 831 660 897 offenderentur.
708 828 802 911 Quae
825 849 899 895 cum
922 829 972 896 ita
987 835 1108 913 essent,
1132 833 1341 898 accusativos

115 940 189 1005 illos
217 939 362 1020 duplices
388 938 579 1020 intellegere
606 936 784 1002 infinitivos
818 936 951 1002 mutilos
988 936 1241 1020 decmtatosque
1275 957 1340 1004 non

116 1045 275 1113 dubitavi.
814 1069 816 1073 ·

222 1152 405 1218 Praeterea
419 1152 565 1217 hocloco
579 1150 750 1216 dicendum
761 1150 842 1216 mihi
854 1155 916 1231 cst,
932 1169 1112 1232 pronomen
1125 1151 1340 1217 subiectivum

114 1259 149 1324 in
185 1259 429 1324 constructione
463 1256 646 1323 accusativi
669 1275 742 1322 cum
765 1256 926 1322 infinitivo
954 1256 1119 1322 coniuncti
1142 1257 1184 1322 ab
1211 1257 1339 1322 Iustino

116 1383 246 1446 quoque
284 1365 416 1446 saepius
453 1365 639 1446 neglectum
677 1381 765 1442 esse,
810 1363 845 1428 id
890 1363 976 1444 quod
1021 1380 1080 1428 suo
1126 1363 1198 1428 loco
1244 1362 1342 1428 attuli

115 1471 160 1554 (v.
184 1469 360 1555 Dr[aeger‚
383 1470 404 1536 l.
428 1468 463 1554 l.]
487 1470 532 1550 Π,
556 1490 587 1551 p.
611 1469 677 1533 440
701 1468 773 1551 sq.).

616 1755 791 1850 CAPUT
820 1758 844 1849 1.

354 1909 533 1980 1111111116
557 1911 613 1981 est
635 1911 820 1983 scolecium
845 1911 1106 1997 scommaticum.

224 2052 369 2142 Subiecti
392 2054 599 2136 grammatici
621 2055 728 2120 locum
751 2057 843 2120 tenet
865 2059 924 2120 aut
943 2053 1123 2120 infinitivus
1139 2054 1245 2121 nudus
1261 2074 1292 2136 q.
1307 2074 1340 2122 v.

114 2165 174 2227 aut
198 2160 381 2226 accusativi
404 2180 478 2227 cum
501 2161 662 2227 infinitivo
686 2161 851 2227 coniuncti
874 2164 1044 2227 structura
1058 2160 1093 2226 in
1108 2160 1340 2227 enuntiationi·

113 2268 188 2348 bus,
213 2285 352 2348 quarum
375 2266 601 2347 praedicatum
624 2266 786 2332 formatur
808 2271 867 2332 aut
893 2267 1024 2332 nomine
1052 2267 1260 2333 substantivo
1288 2268 1342 2334 vel

114 2373 279 2438 adiectivo
303 2392 377 2438 cum
399 2372 499 2438 verbo
524 2372 710 2454 copulativo
738 2371 856 2457 (,‚est“‚
888 2373 1070 2454 ,‚videtur“,
1099 2373 1156 2439 cfr.
1180 2373 1225 2439 K.
1248 2374 1294 2454 Π,
1321 2375 1338 2436 1

113 2498 146 2560 p.
166 2479 207 2542 10
223 2476 311 2562 sqq.)
327 2477 500 2543 coniuncto
516 2482 576 2544 aut
598 2478 698 2544 verbo
714 2479 926 2560 impersonali
940 2480 1003 2560 vel,
1027 2497 1112 2560 quae
1128 2479 1198 2545 eius
1213 2478 1339 2545 vicibus

113 2584 273 2667 fungitur,
296 2602 439 2665 persona
461 2584 562 2650 tertia
584 2585 712 2650 numeri
727 2585 903 2668 singularis
922 2585 1016 2650 verbi
1030 2585 1163 2666 passive
1178 2585 1339 2667 usurpati.

452 2741 504 2820 A.
547 2744 819 2821 Infinitivus
846 2745 1007 2821 nudus.

222 2881 252 2951 1.
274 2882 509 2949 Praedicatum
533 2888 584 2950 cst
605 2885 741 2951 verbum
766 2885 987 2966 copulativum
1011 2904 1086 2951 oum
1108 2883 1238 2950 nomine
1261 2902 1340 2966 quo·

115 2988 192 3054 dam
216 2989 434 3055 coniunctum.

524 3125 554 3166 s.
581 3125 687 3168 nomen
707 3100 936 3170 substantivum.

224 3219 277 3285 Ex
299 3220 413 3301 paucis
436 3221 477 3286 iis
500 3221 681 3303 vocabulis,
704 3239 789 3303 quae
813 3222 901 3303 apud
915 3221 1079 3288 Iustinum
1095 3224 1238 3301 exstant,
1263 3225 1340 3287 ante

115 3323 285 3392 Ciceronis
307 3331 458 3408 tempora
479 3327 542 3392 hoc
565 3329 671 3393 solum
699 3326 812 3412 (semel
838 3328 926 3409 apud
947 3328 1119 3407 Plautum,
1154 3346 1185 3394 v.
1209 3327 1270 3393 Dr.
1293 3321 1345 3409 Π,

113 3451 145 3512 p.
171 3429 251 3515 358)
273 3431 453 3500 invenitur:

221 3551 305 3606 mos
352 3540 382 3620 1,
403 3550 427 3615 1,
446 3548 462 3602 3
486 3540 586 3622 „fines
610 3539 696 3605 tueri
718 3539 825 3622 magis
848 3557 947 3621 quam
969 3539 1116 3621 proferre
1138 3557 1210 3604 mos
1235 3540 1339 3605 erat“.

114 3679 158 3689 -
170 3642 373 3727 Adiungitur
395 3645 527 3712 dativus
542 3663 714 3728 personae,
737 3645 790 3712 oui
813 3645 891 3727 quid
913 3645 1023 3712 facere
1037 3664 1109 3711 mos
1126 3650 1191 3711 est:
1216 3645 1247 3726 9,
1262 3654 1287 3720 8,
1308 3654 1340 3708 15

115 3749 234 3830 „Patri
255 3769 327 3816 mos
352 3754 424 3817 erat
447 3750 548 3818 etiam
571 3753 611 3817 de
635 3750 785 3818 convivio
808 3751 843 3817 in
865 3752 996 3818 hostem
1023 3770 1217 3833 procurrere
1242 3802 1249 3818 .
1275 3802 1281 3817 .
1309 3753 1338 3818 .“

112 3891 157 3902 —
182 3855 235 3936 18,
255 3864 316 3933 5‚4
349 3857 443 3938 „Mos
470 3861 544 3924 erat
567 3856 698 3941 Cypriis
720 3857 865 3940 virgines
890 3909 898 3923 .
924 3909 931 3923 .
957 3910 965 3925 .
988 3857 1152 3924 mittere“.
1177 3894 1221 3904 —
1242 3876 1274 3923 v.
1298 3858 1338 3925 L.

112 3960 292 4028 Kuehnast
319 3963 404 4044 „Die
426 3963 669 4045 Hauptpunkte
697 3963 755 4029 der
776 3962 1010 4029 Livianischen
1033 3962 1194 4047 Syntax“‚
1229 3963 1338 4030 Berol.

115 4066 213 4148 1872,
237 4087 268 4149 p.
293 4067 368 4134 248.
392 4106 436 4116 -
458 4069 498 4135 F.
521 4069 615 4135 Lohr
638 4069 713 4151 „De
735 4068 888 4135 infinitivi
911 4070 998 4151 apud
1018 4068 1163 4135 Statium
1186 4072 1221 4135 61
1242 4070 1339 4136 Iuve-

113 4174 223 4238 nalem
235 4173 358 4259 usu“¹)‚
373 4174 464 4242 Diss.
487 4175 656 4258 Marburg.
681 4173 779 4256 1816,
794 4195 826 4257 p.
843 4172 887 4238 55
903 4173 1055 4260 (lmen).
1072 4212 1116 4222 —
1130 4174 1170 4241 P.
1188 4174 1341 4260 Ozensny

222 4331 242 4400 ¹)
261 4330 397 4399 Quicum
424 4331 459 4387 (16
487 4331 606 4387 duorum
632 4330 801 4402 scriptorum
830 4329 987 4387 elocutione
1014 4331 1101 4388 verbs
1127 4330 1240 4397 iecerit,
1269 4331 1339 4388 duos

112 4399 281 4473 plerumque
298 4401 329 4456 in
347 4401 460 4458 citando
477 4417 610 4459 numeros
628 4401 752 4472 afferam,
772 4417 890 4473 qnorum
908 4402 987 4472 prior
1004 4402 1040 4458 sd
1059 4401 1188 4472 Statium,
1207 4401 1243 4457 ad
1261 4402 1340 4458 Inve-

112 4470 207 4528 nclem
225 4472 365 4543 posterior
382 4473 512 4543 pertinet
