2896 4876
607 199 829 281 -'.60-

104 406 325 473 nominativus
349 406 383 471 vi
405 410 506 488 atque
530 406 768 490 significatione
791 408 888 475 valde
911 409 1077 493 discrepet
1103 410 1146 476 ab
1170 409 1329 477 infinitivo

104 513 235 596 proprie
258 513 356 578 dicto.
402 511 468 579 Sed
492 531 566 579 cum
587 517 725 596 uterque
748 533 808 580 suo
831 515 902 581 iure
928 515 1058 581 illorum
1085 533 1225 582 casuum
1255 518 1331 582 obli·

106 638 243 700 quorum
262 618 484 684 nominativus
501 618 661 700 appellari
675 619 792 703 possit,
816 620 901 686 alter
917 639 957 687 ex
973 620 1082 702 specie
1098 624 1200 703 atque
1216 623 1331 704 forma,

106 726 191 791 alter
214 744 254 791 ex
277 725 312 790 vi
335 729 435 806 atque
457 723 576 807 indole,
599 724 677 791 licet
699 725 814 808 paucis
837 726 980 808 priorem
1003 745 1132 808 quoque
1156 727 1331 811 attingam.

212 831 325 912 Atque
348 831 488 912 primum
511 830 642 912 quidem
664 831 722 896 illa
747 831 839 898 119119
862 832 1071 898 necessitatis
1095 850 1134 897 eo
1158 833 1210 914 fit,
1248 835 1334 914 quod

106 936 276 1019 gerundivi
299 941 462 1017 neutrum,
485 937 507 1003 i.
530 956 557 1003 e.
582 937 786 1020 gerundium,
810 956 885 1004 cum
906 937 998 1004 verbi
1022 938 1203 1020 copulativi
1227 940 1334 1005 forma

109 1043 198 1125 ,est“
241 1042 459 1126 coniungitur.
506 1042 609 1110 Cuius
647 1043 696 1109 rei
735 1044 822 1125 apud
860 1044 1025 1110 Iustinum
1062 1063 1165 1111 unum
1202 1049 1334 1113 tantum

107 1149 289 1231 exemplum
305 1149 435 1232 repperi
451 1148 504 1230 25,
524 1160 550 1224 4,
580 1161 592 1213 1
617 1149 702 1232 „iam
717 1168 779 1216 nec
802 1168 852 1232 eo,
876 1151 919 1216 ad
935 1150 1022 1232 quod
1037 1150 1125 1216 votis
1140 1151 1334 1232 pervenien-

105 1254 181 1320 dum
205 1255 324 1336 fuerat,
349 1257 557 1322 contentus“.

211 1362 269 1427 Fit
296 1361 412 1428 deinde
445 1361 503 1428 illa
535 1361 626 1428 notio
661 1361 870 1428 necessitatis
904 1380 957 1443 eo,
995 1362 1081 1443 quod
1116 1364 1334 1445 gerundivum

105 1468 198 1534 verbi
220 1467 387 1534 transitivi
410 1486 484 1534 eum
506 1468 614 1535 forma
637 1468 780 1549 quadam
806 1467 899 1534 verbi
927 1467 1107 1551 copulativi
1138 1470 1251 1551 „esse“
1283 1471 1335 1536 vel

110 1574 251 1657 „videri“
278 1573 485 1656 coniungitur
506 1574 566 1655 ita,
589 1578 629 1639 ut
651 1573 806 1640 adiectivi
827 1573 936 1639 instar
959 1574 1016 1639 sit:
1051 1583 1083 1656 9)
1112 1575 1333 1641 subiectum

107 1686 168 1746 est
194 1698 330 1746 nomen
359 1680 652 1747 substantivum
676 1679 707 1761 2,
728 1690 786 1756 1,1
819 1679 1034 1762 „principium
1062 1681 1104 1746 ab
1133 1680 1260 1764 origine
1284 1701 1333 1746 re-

106 1786 281 1868 petendum
305 1788 388 1852 est“.
413 1786 600 1868 -2,1,1.
644 1786 675 1867 8,
695 1795 720 1856 5,
739 1796 764 1849 9.
807 1785 838 1867 9,
858 1795 884 1862 5,
903 1795 929 1848 4.
965 1785 1017 1867 13,
1037 1796 1097 1863 3,1
1130 1805 1250 1869 „casus
1277 1838 1335 1874 ···.

108 1893 236 1959 dolendi
247 1894 412 1959 fueruut“.
425 1928 468 1939 -
482 1892 534 1974 13,
554 1902 581 1968 3,
601 1903 642 1956 11.
673 1891 727 1972 22,
748 1901 773 1967 9,
792 1901 819 1954 9.
848 1891 903 1973 42,
923 1901 948 1965 9,
968 1903 993 1955 7.
1012 1929 1050 1938 -
1069 1889 1199 1974 Copula
1211 1893 1335 1958 omissa

107 2006 159 2065 est
180 2001 235 2080 44,
256 2012 279 2076 1,
299 2011 314 2062 3
345 1999 423 2080 ,sed
445 2017 506 2064 nec
529 2016 676 2064 summae
699 2002 829 2064 tantum
845 2002 955 2064 terrae
970 1997 1137 2063 laudanda
1152 1998 1275 2064 bona“.
1291 2037 1335 2044 -

107 2105 297 2172 Subiectum
320 2104 527 2171 everborum
551 2109 708 2171 contextu
723 2105 819 2171 facile
835 2105 1020 2186 suppletur:
1047 2105 1077 2184 1,
1098 2115 1123 2180 7,
1144 2114 1177 2166 14
1205 2105 1335 2186 ,nullus

107 2218 217 2277 tamen
252 2212 404 2276 fortunae
440 2210 602 2277 Candauli
637 2210 897 2293 comparandum
935 2210 993 2294 (sc.
1027 2206 1112 2294 rex).
1141 2245 1185 2255 —
1214 2211 1245 2291 6,
1277 2219 1337 2285 1,9

108 2319 165 2399 (so.
190 2316 267 2402 dux)
290 2353 334 2363 —
357 2316 411 2397 31,
431 2326 491 2393 5,7
520 2317 578 2401 (sc.
593 2315 789 2399 Dionysius)
813 2353 858 2362 --
880 2316 934 2397 41,
954 2325 980 2390 9,
999 2325 1015 2378 3
1044 2314 1102 2399 (99.
1118 2313 1266 2398 Parthi).
1291 2351 1336 2361 -

107 2423 251 2490 Dativus
274 2441 437 2504 personae
461 2442 534 2489 cum
556 2423 657 2488 verbo
681 2422 868 2504 copulative
893 2420 1085 2486 coniunctus
1102 2419 1221 2485 9911119
1237 2419 1335 2485 locis:

110 2534 139 2610 1,
159 2541 184 2606 3,
205 2541 235 2593 11
260 2530 397 2596 videant
418 2528 617 2612 fugientibus
640 2529 723 2594 haee
747 2546 790 2593 an
812 2527 869 2593 illa
891 2524 1113 2610 pugnantibus
1134 2525 1224 2591 acies
1245 2544 1335 2591 rum·

107 2635 215 2717 penda
238 2636 314 2703 sit“.
338 2673 381 2682 —
405 2635 436 2716 8,
456 2646 517 2712 5‚7
548 2639 605 2718 „ut
634 2633 681 2700 illi
714 2634 768 2700 vel
801 2631 959 2715 replenda
991 2632 1045 2696 vel
1079 2629 1337 2714 derelinquenda

108 2761 257 2825 quaeque
279 2743 353 2808 loca
374 2741 603 2808 videbantur“.
627 2776 670 2787 -
688 2739 740 2820 11,
759 2751 786 2815 4,
804 2749 830 2801 9.
860 2737 913 2819 27,
933 2747 959 2812 9,
978 2747 1003 2800 3.
1033 2737 1087 2817 30,
1106 2746 1132 2811 3,
1151 2747 1176 2799 9.
1207 2737 1262 2820 41,
1274 2747 1300 2814 9,
1311 2749 1337 2801 9.

109 2886 152 2896 -
168 2857 197 2932 b)
220 2849 438 2914 subiectum
461 2850 523 2912 est
545 2850 725 2911 neutrum
747 2842 917 2910 nominis
946 2841 1146 2910 adieetivi.
1194 2843 1226 2923 3,
1246 2854 1275 2918 1,
1304 2855 1335 2906 19

112 2973 238 3038 „pauca
261 2954 398 3020 dicenda
420 2952 529 3018 sunt“.
574 2951 668 3017 Idem
684 2949 866 3016 subiectum
883 2951 995 3014 exstat
1011 2948 1064 3030 17,
1083 2957 1109 3023 9,
1130 2959 1154 3010 1.
1189 2949 1242 3029 18,
1262 2959 1289 3023 9,
1311 2960 1334 3012 1.

108 3097 152 3107 -
175 3059 320 3126 Dativus
347 3076 508 3141 personae
535 3057 655 3140 legitur
684 3056 715 3139 2,
734 3066 760 3132 3,
780 3066 813 3119 19
849 3073 942 3137 ,oum
971 3058 1066 3120 tanto
1096 3053 1157 3119 sibi
1180 3055 1279 3136 plura
1301 3054 1336 3121 in

109 3168 204 3234 hoste
233 3164 492 3247 concupiscenda
520 3163 618 3229 sint“.
649 3201 694 3210 —
722 3163 748 3236 o)
783 3161 1002 3228 subiectum
1030 3165 1090 3226 991
1121 3178 1335 3240 pronomen

109 3284 134 3342 1.
159 3272 331 3340 masculini
365 3270 508 3354 generis:
545 3269 601 3351 13,
621 3279 647 3344 9,
666 3278 701 3332 99
734 3267 878 3348 (dativus
905 3284 1067 3347 personae
1097 3265 1226 3348 positus
1254 3265 1336 3351 est:)

113 3386 170 3463 „ut
194 3432 201 3447 .
227 3431 234 3446 .
269 3377 432 3444 timendus
455 3377 526 3459 ipse
555 3375 704 3441 hostibus
739 3375 860 3440 esset“.
884 3408 928 3418 -
950 3380 982 3440 2.
1005 3371 1158 3454 neutrius
1189 3371 1335 3454 generis:

111 3487 141 3567 1,
162 3496 222 3562 3,3
253 3483 359 3569 „quod
386 3483 521 3566 gravius
556 3482 761 3548 dolendum“.
783 3516 829 3527 -
851 3479 883 3561 3,
903 3488 929 3553 3,
949 3489 980 3541 11
1017 3476 1114 3560 „quid
1148 3476 1336 3544 addendum

109 3591 366 3671 mutandumque
388 3589 515 3672 legibus
534 3589 733 3655 videretur“.
750 3624 795 3633 -
811 3585 895 3653 Oum
911 3583 1022 3650 dativo
1039 3600 1201 3664 personae
1216 3585 1337 3664 copula

111 3697 286 3763 coniuncta
309 3700 374 3761 est:
401 3697 431 3776 1,
454 3705 496 3771 10,
517 3705 550 3758 13
568 3694 665 3777 „quid
680 3693 830 3759 hostibus
847 3690 1029 3758 cavendum
1050 3689 1226 3770 911“.-2,
1255 3698 1282 3765 3,
1303 3699 1337 3752 10

114 3803 220 3886 „quod
242 3802 349 3885 magis
373 3801 460 3868 domi
483 3801 583 3868 fuerit
604 3800 651 3866 illi
673 3799 854 3865 timendum
875 3797 933 3882 (sc.
950 3792 1096 3880 bellum).
1113 3831 1156 3843 -
1172 3793 1226 3877 33,
1247 3805 1272 3870 3,
1294 3805 1336 3858 19.

215 3909 312 3975 Η999
333 3909 495 3974 hactenus
519 3905 784 3973 denominativo
808 3902 958 3988 gerundii
981 3905 1015 3968 et
1041 3900 1222 3984 gerundivi.
1270 3898 1337 3967 Sed

110 4014 302 4096 priusquam
336 4014 379 4080 ad
414 4032 510 4080 casus
538 4012 686 4094 obhquos
720 4010 874 4077 infinitivi
909 4014 1132 4088 transeamus
1166 4006 1230 4072 hoc
1262 4008 1336 4073 loco

110 4138 235 4202 paucas
258 4120 332 4186 illas
356 4119 528 4204 gerundivi
550 4119 673 4184 formas
697 4118 872 4183 adnectere
894 4115 1008 4195 liceat,
1033 4130 1118 4194 quae
1141 4112 1337 4178 attributive

110 4230 326 4309 usurpantur,
361 4226 383 4291 i.
408 4245 436 4291 e.
464 4227 561 4308 plane
594 4222 735 4290 nominis
770 4220 924 4289 adiectivi
957 4221 1065 4284 locum
1099 4222 1223 4284 19119111.
1273 4216 1338 4299 Qui

110 4349 204 4412 usus,
230 4350 303 4397 cum
327 4349 368 4398 ex
390 4329 630 4412 praedicativo,
658 4346 755 4409 quem
777 4327 874 4393 modo
898 4324 1130 4406 tractavimus,
1165 4323 1336 4390 derivatus
