2896 4876
596 222 818 297 ..52-

104 411 150 479 K.
173 411 219 494 H,
243 410 263 474 2
286 430 318 492 p.
345 407 441 489 1036,
466 408 540 474 adn.
558 404 605 491 2.)
627 440 672 452 -
693 425 809 473 verum
833 401 934 469 etiam
957 407 1224 474 consecutionem
1247 413 1318 474 tem·

104 537 220 600 porum
236 536 268 597 q.
283 535 315 581 1.
331 514 463 580 minime
479 513 635 579 observat
656 531 762 594 neque
787 531 828 578 ex
851 513 1000 580 oratione
1016 514 1078 579 obl.
1095 515 1129 580 in
1146 517 1321 585 orationem

105 628 230 690 rectam
254 619 440 703 transgredi
463 619 593 686 dubitat
615 618 708 704 (1.9,
736 629 762 696 2,
782 618 839 703 11),
855 655 899 667 -
915 638 1000 702 quae
1023 621 1135 687 omnia
1151 641 1228 689 oum
1244 624 1322 706 apud

106 730 188 796 ahos
212 727 390 809 scriptores
413 729 483 790 tum
506 723 594 806 apud
617 725 761 808 Trogum
786 725 852 810 (38,
876 743 971 808 capp.
987 727 1089 809 4-73
1115 727 1174 794 etr.
1192 728 1325 796 Fischer

105 855 137 918 p.
160 835 203 899 62
228 832 289 918 sq.)
317 831 528 897 inveniuntur
550 867 604 912 -,
627 830 690 896 hoc
723 830 810 912 loco,
847 849 921 896 cum
956 849 976 897 a
1010 833 1182 914 proposito
1217 840 1328 901 nostro

105 941 234 1024 longius
269 937 371 1019 absit,
404 937 522 1003 leviter
545 936 709 1020 attingere
732 937 815 1002 satis
839 941 904 1002 est:
939 943 1089 1004 nostrum
1117 944 1184 1021 est,
1220 940 1262 1006 de
1285 941 1331 1006 iu·

106 1045 256 1127 finitivis,
292 1062 376 1126 quae
409 1043 444 1108 in
478 1042 657 1108 enuntiatis
689 1041 853 1124 primariis
883 1048 917 1109 et
944 1043 1146 1111 secundariis
1172 1046 1334 1112 orationis

106 1154 169 1219 obl.
194 1154 336 1232 exstant,
360 1148 474 1231 paucis
498 1148 669 1214 disserere.

213 1257 266 1323 Ex
289 1254 468 1322 enuntiatis
491 1258 602 1321 autem
625 1252 789 1336 primariis
814 1254 972 1322 orationis
999 1255 1062 1321 obl.
1091 1257 1281 1324 accusativi
1307 1278 1337 1326 5.

107 1365 163 1432 inf.
181 1364 264 1430 coni.
281 1360 557 1428 constructionem
570 1377 611 1426 ea
622 1360 821 1443 adsciscunt,
838 1378 922 1442 quae
934 1379 1059 1427 meram
1072 1363 1338 1430 enuntiationem

108 1491 139 1552 q.
154 1491 186 1537 1.
212 1469 391 1550 continent,
415 1485 513 1548 quam
535 1466 641 1550 legem
665 1485 739 1532 cum
759 1467 916 1549 perpauci
937 1466 1115 1549 scriptores
1136 1469 1339 1550 quibusdam

106 1577 187 1642 locis
210 1574 368 1641 laeserint
390 1570 436 1659 (1.
460 1572 505 1640 K.
528 1573 575 1653 H,
599 1572 630 1654 2,
653 1593 685 1654 p.
712 1572 809 1654 1021,
837 1574 912 1640 adn.
939 1573 995 1659 1.),
1029 1573 1178 1642 Iustinus
1204 1595 1338 1660 semper

109 1679 307 1748 observavit.
346 1679 460 1760 Atque
475 1678 509 1743 in
525 1678 719 1744 continuata
741 1697 871 1761 quoque
893 1680 1042 1746 oratione
1058 1675 1121 1746 obl.
1139 1682 1338 1765 saepissime

107 1788 243 1854 verbum
267 1784 489 1867 copulativam
505 1784 630 1867 deesse,
653 1803 719 1850 non
735 1789 787 1851 551
802 1785 889 1867 quod
904 1786 1016 1852 multis
1032 1787 1142 1852 verbis
1160 1807 1336 1870 exponam.

108 1894 235 1960 Maiore
259 1896 370 1959 autem
393 1890 624 1957 aestimatione
646 1890 780 1974 dignum
801 1890 947 1974 videtur,
982 1893 1069 1974 quod
1104 1893 1207 1961 etiam
1229 1893 1341 1961 forma

114 1999 251 2084 ,fuisse“
289 1995 647 2082 11151555(22,6,2)
686 1995 900 2064 desideratur.
946 1998 1018 2065 Nec
1055 2017 1121 2064 non
1155 2018 1340 2081 pronomen

110 2105 325 2173 subiectivum
348 2120 506 2185 persaepe
529 2102 744 2184 supplendum
767 2106 819 2168 est
842 2102 886 2187 (1.
910 2103 970 2170 Dr.
995 2104 1040 2185 H,
1071 2124 1104 2186 p.
1127 2105 1195 2169 440
1219 2123 1269 2187 sq.
1293 2142 1340 2152 -

108 2212 213 2278 Ebert
223 2230 255 2292 p.
273 2208 351 2292 34),
375 2213 475 2290 atque
490 2207 615 2290 primae
628 2208 758 2291 quidem
771 2227 870 2291 quam
886 2209 999 2276 dicunt
1011 2229 1187 2293 personae:
1213 2211 1341 2291 2,11,1.

110 2317 141 2400 9,
161 2328 186 2392 1,
206 2325 229 2378 5.
247 2315 278 2396 9,
300 2326 326 2391 5,
337 2324 380 2381 15.
415 2316 466 2397 11,
479 2324 520 2391 15,
541 2325 583 2380 1ο.
617 2315 670 2397 16,
682 2325 709 2390 4,
724 2324 765 2377 15.
780 2325 821 2378 11.
846 2315 990 2398 22,5,1.
1013 2316 1067 2399 22,
1087 2327 1113 2392 5,
1132 2328 1157 2380 a.
1182 2317 1236 2399 28,
1257 2327 1337 2394 515.

110 2424 164 2506 28,
183 2435 210 2500 4,
231 2433 273 2488 15.
300 2423 354 2504 29,
374 2433 400 2499 5,
421 2433 434 2485 1
460 2420 638 2505 ,11151555
652 2473 687 2504 ..,
702 2421 833 2488 videre“
849 2420 922 2507 (cfr.
937 2427 1021 2490 orat.
1037 2422 1184 2490 Mithrid.
1198 2422 1254 2504 38,
1274 2434 1301 2499 1,
1320 2433 1336 2487 5

114 2530 249 2613 ,audire
261 2549 297 2596 se
315 2582 322 2596 .
341 2581 360 2610 .,
385 2529 405 2593 6
430 2526 543 2595 audire
568 2579 574 2594 .
594 2579 612 2609 .,
638 2527 806 2595 iaudire.
824 2579 843 2610 .,
871 2530 910 2592 11
936 2530 1050 2597 audire
1064 2529 1148 2613 se“).
1183 2529 1239 2612 40,
1259 2539 1285 2604 2,
1304 2543 1335 2612 43

110 2673 154 2684 -—
177 2636 314 2702 alterius
337 2652 498 2718 personae
518 2633 701 2699 subiectum
725 2633 881 2701 omissum
905 2639 970 2700 est:
995 2636 1155 2716 2,12,11.
1194 2636 1337 2719 5,2,1ο.

113 2742 165 2823 13,
187 2753 212 2818 3,
233 2751 274 2804 10.
306 2740 360 2821 29,
379 2751 405 2816 3,
425 2740 636 2806 2.-1511155
656 2758 831 2822 personae:
857 2741 910 2821 14,
931 2752 999 2817 1,1.
1031 2741 1085 2824 31,
1105 2753 1131 2818 5,
1149 2753 1175 2807 6.
1202 2743 1258 2826 39,
1276 2755 1304 2822 3,
1313 2754 1337 2808 a.

110 2848 254 2927 43,4,4.
294 2848 349 2928 44,
369 2857 394 2921 3,
414 2856 439 2909 3.

220 2951 411 3017 Sententiae
433 2956 545 3018 autem
567 2951 827 3034 interrogativae
854 2953 1012 3019 orationis
1049 2955 1111 3021 obl.
1137 2952 1182 3038 (1.
1205 2956 1268 3023 Dr.
1292 2957 1338 3039 Π,

110 3078 142 3140 p.
159 3059 224 3122 435
241 3077 312 3139 sqq.
325 3094 368 3104 —
383 3056 428 3123 K.
452 3058 497 3139 Π,
515 3058 535 3121 2
558 3077 590 3139 p.
609 3057 694 3122 1029
718 3056 817 3141 sqq),
840 3075 926 3140 quae
941 3058 1173 3140 primariarum
1197 3061 1339 3129 sormam

110 3164 376 3250 vindicaverumt,
411 3162 504 3245 ipsae
539 3182 668 3245 quoque
700 3165 734 3230 in
768 3165 951 3231 accusativi
973 3184 1047 3231 oum
1069 3165 1338 3235 1115511551-

112 3269 327 3336 structionem
342 3270 544 3352 redigrmtur.
572 3263 648 3336 Hae
664 3275 741 3336 sunt
755 3271 832 3336 illae
847 3271 1124 3353 interrogationes
1140 3273 1338 3356 rhetoricae,

112 3394 251 3458 quarum
273 3376 410 3443 verbum
432 3376 561 3442 finitum
583 3377 618 3442 in
641 3377 790 3442 oratione
812 3382 906 3443 recta
928 3413 973 3424 ·-
996 3377 1142 3459 exceptis
1166 3379 1224 3460 eis,
1254 3398 1339 3462 quae

112 3482 283 3549 dubitandi
305 3483 359 3548 151
381 3481 582 3548 deliberandi
604 3481 672 3548 vim
688 3487 789 3564 atque
805 3483 1078 3566 significationem
1094 3486 1339 3566 amplectuntur

112 3588 319 3668 -primam
342 3588 394 3654 151
417 3588 550 3654 tertiam
573 3605 748 3670 personam
772 3589 913 3656 exhibet.
961 3586 1055 3670 Quae
1084 3589 1126 3655 ad
1155 3591 1339 3659 orationem

113 3697 244 3759 tantum
260 3693 483 3761 exornandam
495 3693 544 3760 ita
554 3698 766 3776 usurpantur,
782 3699 821 3761 ut
831 3714 1027 3777 responsum
1038 3713 1104 3762 non
1117 3701 1339 3780 exspectetur,

113 3799 187 3880 nisi,
211 3799 267 3879 qui
289 3798 484 3882 interrogat,
507 3799 578 3880 ipse
601 3818 795 3882 responsum
819 3801 886 3868 dat.
926 3800 991 3868 Sed
1012 3802 1188 3869 cumidem
1202 3805 1340 3871 valeant

114 3922 155 3970 ac
177 3923 372 3986 responsum
394 3904 586 3987 negativum
609 3903 645 3989 (i.
667 3925 694 3973 e.
712 3924 753 3972 55
767 3925 860 3973 mera
875 3908 1082 3992 enuntiatio),
1105 3909 1170 3990 151,
1194 3908 1223 3974 51
1238 3909 1339 3976 inter·

113 4009 243 4091 rogatio
266 4011 341 4091 ipsa
363 4010 520 4091 negativa
543 4014 605 4092 est,
627 4009 714 4077 idem
737 4015 837 4093 atque
861 4032 1054 4096 responsum
1077 4013 1127 4080 bis
1148 4015 1340 4096 negativum

115 4113 470 4199 (15.511111151111111),
494 4115 704 4182 manifestum
728 4119 790 4197 est,
814 4118 843 4184 si
864 4119 899 4184 in
920 4119 1070 4185 oratione
1086 4119 1149 4184 obl.
1166 4125 1340 4201 apparent,

114 4221 149 4286 in
173 4221 355 4287 accusativi
378 4240 405 4287 5.
429 4221 486 4287 inf.
511 4221 594 4288 coni.
624 4223 868 4290 constructione
903 4243 976 4303 esse
1009 4224 1189 4306 ponendas.
1238 4223 1340 4292 Cuius

116 4327 164 4392 rei
185 4327 261 4393 inde
285 4346 306 4393 a
330 4326 497 4393 Ciceronis
521 4329 722 4410 temporibus
745 4330 895 4412 exempla
922 4335 1070 4412 exstare,
1097 4331 1250 4412 Draeger
1273 4333 1293 4399 l.
1317 4332 1338 4398 1.
